1764 2942
117 97 165 152 271⁵
249 97 296 144 AD
313 93 483 144 aculeum.
500 94 561 142 Ias.
578 95 611 144 V.
628 97 651 142 8.

118 226 178 274 alum
189 241 210 274 a.
219 223 242 272 d.
251 224 319 274 XIII
329 225 380 274 Calv
389 225 482 273 Iunias,
500 222 584 272 Civem
593 223 662 272 illum
668 225 791 288 egregium

117 289 282 364 relinquebam,
294 298 317 338 et
327 290 357 338 ad
367 290 425 346 hoc,
436 304 489 352 qua
499 289 618 349 limentur,
629 289 791 352 propulsanda

116 353 294 418 paratissimum.
310 353 376 402 Tuas
382 355 458 402 literas
469 355 613 416 exspectabo,
623 368 680 402 cum
687 362 723 413 ut,
729 353 794 418 quid

117 433 179 481 agas,
191 425 243 466 tum
253 427 288 480 ut,
300 419 341 468 ubi
352 419 391 480 sis,
402 419 480 468 sciam.

256 611 311 680 (a.)
329 611 459 663 crosno
475 611 610 663 nrurco
626 612 652 661 S.

152 741 229 790 Meet
238 742 385 791 incommoda
394 741 501 790 valetudo
512 740 572 806 (qui
580 743 630 803 jam
642 755 794 801 emerseram,

119 814 199 873 utpote
214 821 268 855 cum
285 807 334 855 sine
347 807 406 854 febri
424 807 582 865 laborassem),
596 813 619 852 et
635 805 742 853 Pomtini
753 822 796 854 ex-

120 869 667 996 s'ifflnin‘iisluilihlinillmiilliil
678 879 795 984 iffi

121 1013 174 1048 sum
184 1002 379 1074 exspectabamus.

152 1062 193 1110 Tu
212 1079 232 1112 es
244 1063 321 1112 modo·
329 1079 353 1110 es
368 1065 461 1121 Romo,
480 1063 531 1128 (vix
548 1061 610 1110 araim
622 1061 692 1126 puto)
710 1063 750 1111 sin
762 1079 797 1123 ea,

120 1128 165 1177 hoe
175 1128 319 1176 veliementer
327 1127 503 1188 animadvertas,
514 1127 591 1176 velim.
608 1127 687 1174 Romi
697 1143 796 1192 accepe-

121 1207 172 1240 ram
186 1192 272 1252 lissras,
290 1192 405 1240 Milonem
421 1207 501 1240 meum
512 1191 577 1256 queri
587 1205 628 1255 per
640 1191 718 1240 literas
728 1193 797 1254 inju-

121 1257 181 1304 riam
191 1271 276 1315 meam,
293 1257 356 1321 quod
367 1256 507 1304 Philotimus
523 1255 596 1304 socius
609 1263 667 1302 esset
683 1255 709 1304 iu
723 1257 796 1305 bonis

121 1320 175 1370 mia.
193 1320 223 1368 Id
233 1335 276 1383 ego
291 1321 323 1369 ita
333 1321 383 1369 fieri
392 1320 455 1370 volui
465 1320 495 1368 de
506 1319 535 1370 C.
547 1319 649 1367 Duronii
659 1320 794 1378 sentcntiic

122 1400 193 1460 quem
203 1394 227 1432 et
236 1385 400 1434 amicissimum
409 1384 495 1432 Miloni
504 1398 674 1448 perspexeram,
686 1393 710 1432 et
720 1385 796 1434 talem

122 1447 705 1576 llnsllinmlullnnnllnlll,
713 1457 797 1564 “35⁰3

122 1584 233 1640 potestate
239 1577 378 1625 nostrieaset
384 1577 537 1636 mansilium
543 1577 619 1624 molus
628 1585 702 1624 emtor
710 1585 734 1624 et
741 1579 798 1626 alie-

123 1655 168 1688 nua
179 1639 307 1703 mancipiis,
318 1656 371 1704 quse
376 1643 492 1704 pennulis
498 1655 575 1689 secum
583 1641 661 1699 habet,
670 1641 797 1704 spoliares:

124 1703 215 1763 deinde,
228 1711 253 1751 ut
264 1703 365 1764 Fausta,
378 1706 416 1754 cui
427 1715 522 1754 cautum
532 1705 572 1754 ille
585 1703 658 1770 [esse]
677 1706 797 1765 voluisset,

124 1776 202 1816 ratum
219 1777 283 1817 esset.
299 1769 358 1818 Erat
372 1769 441 1817 etiam
458 1770 526 1828 illud,
543 1778 572 1817 ut
581 1769 628 1832 ripn
641 1785 692 1828 nos,
708 1771 798 1834 siquid

125 1833 210 1881 servari
226 1841 310 1897 posset,
329 1849 401 1910 quam
422 1834 531 1882 facillime
549 1849 699 1882 servaremus.
723 1834 798 1883 Nunc

126 1912 177 1949 rem
184 1905 257 1946 totam
267 1899 400 1962 persprcias,
412 1898 481 1946 velim
492 1915 499 1945 ε
516 1898 583 1946 nobis
594 1898 656 1946 euim
665 1897 804 1946 scribuntur·

126 1977 188 2026 sepe
198 1965 293 2024 maj0ra.
310 1962 364 2022 Sed,
376 1963 396 2010 si
406 1963 446 2010 ille
456 1963 567 2026 queritur,
579 1962 598 2010 si
609 1963 687 2010 scribit
697 1963 728 2010 ad
738 1963 798 2012 arni·

126 2041 173 2086 cos,
185 2027 205 2074 si
215 2026 277 2075 idem
288 2026 375 2074 Fausta
391 2027 450 2086 vult,
462 2026 602 2075 Philotimus
619 2027 657 2090 (ut
668 2025 744 2089 egoei
759 2043 798 2076 co-

127 2105 178 2138 ram
189 2091 301 2150 dixeram,
316 2091 420 2154 mthque
430 2091 470 2138 ille
484 2097 607 2154 receperat)
624 2105 654 2138 ue
669 2089 707 2151 sit,
725 2091 799 2140 inviso

128 2153 228 2214 Milone,
240 2156 265 2202 in
275 2154 347 2203 bouis.
364 2155 432 2202 Nihil
446 2155 511 2204 nobis
523 2155 599 2202 fuerat
614 2154 680 2202 caud.
697 2155 739 2204 Sin
750 2155 799 2204 hac

128 2216 213 2264 leviora
230 2227 292 2277 sunt,
310 2226 337 2266 tu
354 2219 473 2280 judicabis.
492 2218 600 2282 loquere
613 2234 668 2266 cum
683 2218 797 2267 Duronio.

129 2279 215 2342 Scripsi
231 2283 301 2329 esiam
322 2281 352 2328 ad
371 2281 507 2343 Camillum,
527 2283 558 2330 ad
575 2283 702 2340 Lamiam
727 2299 799 2348 eoque

129 2343 496 2472 siracusanus
504 2347 800 2476 ,a

238 2445 245 2456 ·
349 2442 356 2469 a
570 2443 577 2472 a

130 2470 200 2520 bitur.
