1784 2944
145 135 191 182 loa
250 133 300 182 AD
316 130 492 182 DIVilllsos.
508 130 655 180 brs.XV1.
671 133 712 180 22.

142 263 183 311 ille
203 261 228 308 ln
249 257 381 323 quotidiani
396 259 559 307 declamatione
575 259 653 308 utilior
670 260 712 308 sed
730 262 809 310 omnia

142 325 268 391 postposui,
274 323 400 372 dummodo
410 323 527 387 preceptis
537 324 608 387 patris
617 339 722 398 parerem
731 343 738 374 ε
751 327 808 388 isal·

145 390 206 452 ρηδην
227 388 290 436 enim
309 388 435 452 scripserat,
452 396 480 435 ut
497 403 551 436 eum
568 388 706 436 dinntterem
725 391 810 439 statim.

142 451 297 516 Tergiversari
305 452 377 510 nolui,
385 467 474 500 nemea
483 451 555 499 nimia
567 450 646 505 σπουδη
654 453 808 516 suspicionem

71 567 73 574 ,
141 517 272 580 einliquam
282 515 423 579 importaret.
439 515 530 563 Deinde
537 512 595 562 illud
606 514 676 564 etiam
686 517 745 565 mihi
756 535 809 568 suc·
836 529 844 538 '

141 584 255 640 currebat,
265 596 334 644 grave
349 595 404 640 esse,
415 595 455 627 me
464 579 493 628 de
507 578 594 642 judicio
609 580 681 642 patris
695 582 808 642 judicare.

144 645 226 693 Tuum
236 653 313 693 tamen
330 645 431 709 studium
447 652 469 692 et
485 639 605 692 concilium
621 654 715 706 gramm
731 662 811 712 accep.

142 709 359 772 tumqueestmilri.
680 766 682 770 ,

174 773 353 821 Excusationem
363 771 520 835 uirgustiarum
536 771 572 820 tui
587 771 695 835 temporis
705 774 807 839 occipioc

142 838 188 887 scin
205 838 275 896 enim,
294 852 366 900 quam
382 838 454 884 soleas
465 851 514 884 esse
529 845 660 899 occupatus.
683 831 775 887 Emisse
786 849 809 890 te

125 902 255 978 'predium
266 901 410 950 vehementer
423 899 527 962 gaudeor
543 899 685 964 feliciterque
700 901 744 950 tibi
758 919 809 952 rem

143 975 211 1014 istam
222 965 311 1014 evenire
321 966 395 1029 cupio.
412 964 466 1012 Hoc
476 963 525 1012 looo
535 978 573 1011 me
583 964 625 1011 tibi
633 965 752 1027 gratulari,
761 969 810 1030 noli

142 1031 234 1078 mirarir
253 1029 333 1078 eodem
344 1029 405 1078 enim
415 1028 527 1087 fereloco,
536 1036 563 1075 tu
573 1043 674 1091 quoque,
686 1030 767 1079 emisse
778 1041 809 1092 te,

142 1095 214 1162 fecisti
225 1110 263 1142 me
273 1094 397 1142 certiorem.
414 1093 502 1150 Habes,
509 1091 550 1139 ubi
560 1091 700 1155 deponendae
710 1095 752 1143 tibi
764 1096 809 1144 sint

142 1160 289 1208 urbanitates.
305 1159 415 1206 Rusticus
425 1157 545 1204 Romanus
556 1155 629 1203 faetus
637 1171 669 1203 es.
684 1156 810 1216 Quomodo

141 1241 184 1289 ego
192 1225 250 1272 mihi
258 1237 319 1271 nuno
329 1231 382 1270 ante
389 1221 466 1270 oeulos
476 1229 545 1267 tuum
553 1219 749 1281 jucundissimum
757 1239 812 1272 con.

142 1298 246 1354 spectum
260 1289 381 1361 propono?
397 1285 475 1360 uideor
491 1284 554 1332 enim
571 1283 646 1358 videre
661 1295 778 1368 ementem
788 1297 811 1336 te

142 1364 237 1466 m
245 1349 621 1472 ‘rantelltltliims’d
628 1349 812 1477 illm

142 1480 248 1544 pertinet,
259 1493 298 1526 me
313 1487 364 1526 tum
382 1477 424 1524 tibi
440 1476 546 1536 defuisse,
563 1492 669 1540 aqueae
688 1486 723 1538 tu,
735 1479 809 1530 doleo.
886 1507 887 1516 κ

142 1544 189 1594 Sed
206 1543 254 1590 noli
267 1542 380 1600 dubitare,
398 1540 432 1588 mi
449 1541 515 1600 Tiro,
533 1540 591 1604 quin
607 1548 631 1588 te
649 1541 810 1594 sublevaturus

143 1607 198 1666 sim,
218 1606 237 1653 si
253 1605 322 1653 modo
339 1605 431 1652 fortuna
445 1619 498 1660 me;
515 1603 641 1668 presertim
658 1620 712 1654 cum
729 1609 809 1670 sciam,

142 1685 289 1720 commun·
300 1669 365 1717 nobis
376 1677 465 1716 emtum
473 1683 519 1716 esse
526 1669 597 1716 istum
604 1667 713 1718 fundum.

175 1735 214 1782 De
224 1732 338 1782 mandatis
347 1733 410 1796 quod
421 1732 463 1780 tibi
473 1748 533 1780 curra
540 1733 594 1791 fuit,
601 1733 699 1782 estmihi
709 1745 810 1798 gratum.

143 1799 190 1850 Sed
200 1806 253 1862 peto
262 1814 278 1845 a
288 1807 319 1856 te,
325 1807 352 1845 ut
362 1813 434 1872 quam
444 1797 560 1845 celerrime
569 1795 628 1844 mihi
637 1797 745 1848 librarius
756 1803 811 1850 mit·

144 1872 214 1922 tabu,
226 1862 327 1910 maxime
337 1860 432 1925 quidem
441 1861 549 1909 Grecos:
566 1861 667 1909 multum
678 1864 739 1911 mihi
749 1866 811 1914 enim

144 1928 240 2004 eripitur
254 1925 364 2002 operaein
377 1924 528 1974 exscribendis
544 1926 738 1990 hypomnematis
761 1929 811 1990 Tu,

143 1993 222 2052 velim,
232 1992 257 2039 in
267 2005 348 2055 pnmrs
359 2005 423 2038 oures
432 1997 459 2037 ut
470 1990 554 2048 valeas,
570 1997 597 2037 ut
612 1989 660 2037 uni
675 2001 812 2054 συμφιλολο·

143 2075 188 2117 yur
197 2057 320 2122 possimus.
335 2055 452 2103 Anterum
460 2053 502 2101 libi
512 2054 655 2102 commendo.
672 2055 740 2104 Vale·

226 2244 295 2306 (mu
311 2242 460 2292 ruimus
476 2243 604 2294 mnom
619 2245 644 2295 s.
658 2245 687 2295 Ρ.
698 2246 732 2296 n.

179 2391 567 2456 (Argumentum-valetudinis
585 2399 691 2446 curandae
705 2400 816 2452 admonet

147 2465 309 2518 egrotantem:
326 2457 429 2506 librarios
440 2469 517 2508 tamen
528 2477 604 2524 regere
613 2461 697 2524 ]ubet:
715 2465 781 2515 addit
786 2467 816 2516 de

51 2553 53 2560 ι
148 2517 234 2581 variis.)
