1788 2942
243 189 293 244 An
309 191 479 243 A'PTICUM.
497 193 557 242 Iun·
567 193 643 244 vul.
659 197 682 242 2.
748 195 796 250 3⁶7

128 323 271 385 hominibus,
291 339 339 373 esse
355 321 441 371 diutius
455 337 500 370 non
520 331 590 386 potes.
616 323 669 372 Hoc
684 322 800 382 mumius,

129 390 175 438 hoe
185 389 276 452 turpius
286 387 433 452 quidquam?
448 387 569 451 Vugarnur
579 396 670 450 egentes
681 402 735 436 cum
746 403 801 436 eou-

118 451 355 580 uimine
371 450 802 580 uriuuiiuruiu

131 583 254 640 hebemus,
269 596 317 628 non
330 551 430 643 eripulsi,
442 579 481 628 sed
495 579 581 628 evomti
592 580 702 642 epatrii3
720 595 800 645 quam,

130 661 180 694 non
191 645 325 698 seruandum
335 644 471 692 edreditum
479 653 592 704 noenum,
601 644 640 692 sed
650 643 802 707 diripiendam

130 719 154 758 et
167 709 365 768 Inflammsndsm,
384 709 535 772 reliquimus:
552 708 585 757 ite
600 707 669 756 multi
682 707 802 756 nobiscum

131 783 195 836 suut,
206 788 253 821 nou
267 774 292 820 iu
305 773 451 832 suburbanis,
467 787 513 821 nou
527 773 552 819 In
567 773 648 831 hortis,
659 787 706 819 nou
716 772 741 819 in
751 772 802 836 ipsi

131 841 205 895 urbe;
223 847 254 898 et,
267 838 360 886 sinunc
370 845 432 898 suni,
446 852 492 886 uon
503 846 578 885 eruut.
600 837 652 885 Nos
662 836 757 895 interes,
772 852 802 885 ne

133 903 222 966 Gepuae
232 901 334 964 quidem,
346 901 385 950 sed
396 902 515 950 Luceriae:
534 910 557 950 et
567 917 631 949 oram
646 900 741 964 quidem
751 917 801 950 ma-

130 967 234 1016 ritimam
251 967 300 1027 jam
317 966 492 1030 relinquemus;
514 966 641 1014 Afranium
659 965 802 1029 exspectabi-

127 1035 192 1091 mus,
202 1039 225 1079 et
236 1031 352 1080 Petreium
360 1048 367 1080 ι
380 1045 435 1080 nem
442 1031 467 1078 in
475 1031 579 1081 Labieno
586 1045 670 1094 parum
681 1037 715 1078 est
724 1029 800 1093 digni-

130 1095 191 1144 tetis.

162 1160 212 1209 His
221 1168 248 1208 tu
262 1160 287 1208 in
301 1175 340 1208 me
352 1160 428 1218 illud;
446 1163 464 1192 “
478 1161 535 1220 Des,
547 1160 572 1208 id
582 1160 667 1208 ferss.”
688 1159 756 1207 Nihil
770 1159 798 1209 de

129 1239 169 1273 me
179 1225 244 1282 dim3
262 1225 301 1272 elii
311 1225 416 1274 viderint.
434 1225 483 1273 His
490 1225 584 1290 quidem
592 1227 707 1288 quaeest?
724 1223 798 1272 Demi

129 1296 210 1338 vertras
220 1289 282 1348 estis,
293 1299 317 1338 et
326 1289 396 1348 eritis,
408 1303 487 1337 omnes
497 1291 559 1338 boni.
577 1289 638 1348 Quis
645 1297 697 1336 tum
705 1304 729 1336 se
739 1289 798 1336 mihi

129 1367 178 1400 non
188 1353 305 1402 ostendit?
322 1354 374 1416 quis
384 1367 446 1400 nuuc
458 1354 522 1402 sdest
534 1355 579 1402 hoc
591 1353 651 1401 bello
661 1353 673 1400 i
690 1352 721 1401 sic
736 1354 797 1400 euim

128 1418 179 1477 jum
190 1417 354 1481 appellandum
366 1425 406 1466 est.
423 1418 523 1466 Vibullii
536 1435 571 1466 res
582 1427 651 1480 gestae
662 1418 799 1466 umtsdhuc

130 1482 256 1530 maximaez
273 1481 298 1530 id
308 1497 338 1530 ex
354 1483 460 1546 Pompeii
471 1483 543 1530 liberIs
558 1497 694 1544 eognoscoer
710 1482 734 1528 iu
746 1483 798 1546 qui-

130 1547 175 1594 bus
185 1545 360 1595 animadvertito
374 1546 443 1594 illum
460 1547 545 1607 Iocruu,
559 1547 600 1595 ubi
611 1547 654 1594 erit
665 1546 737 1602 διπλη.
754 1547 797 1596 vi-

130 1610 203 1670 debis,
214 1611 244 1659 de
251 1611 322 1660 Cnseo
332 1619 408 1660 nostro
417 1612 467 1675 ipse
477 1612 597 1660 Vibullius
607 1611 664 1676 quid
674 1611 795 1660 exisdmet.

150 1675 218 1734 ·Quo
233 1675 304 1738 Igitur
318 1675 368 1724 hee
383 1685 469 1740 speciei
484 1677 576 1725 oratio?
600 1677 651 1739 Ego
667 1691 709 1740 pro
725 1678 797 1725 Pom·

128 1765 130 1772 ι
147 1740 182 1786 eio
192 1740 297 1788 lubenter
312 1741 383 1788 emori
396 1756 497 1803 possum.
520 1741 590 1788 Fedo
605 1741 678 1803 pluris
692 1741 797 1788 omnium

129 1756 252 1850 lemurum
271 1804 403 1851 nemiuem:
421 1804 461 1850 sed
475 1819 522 1850 nou
532 1805 565 1850 ite
580 1818 628 1850 uno
643 1804 668 1850 iu
682 1819 709 1854 eo
720 1805 798 1864 judim

129 1879 195 1927 spem
203 1865 232 1911 de
242 1865 315 1911 salute
325 1865 462 1927 reipublice.
480 1867 598 1928 Significas
609 1866 670 1913 enim
681 1866 799 1929 eliquanto

131 1927 206 1988 secus·
216 1943 287 1990 quem
297 1928 398 1976 solebas:
416 1937 443 1976 ut
459 1929 529 1976 etism
544 1930 622 1988 Iulii,
640 1930 660 1977 si
671 1929 711 1978 ille
724 1931 796 1990 cedat,

129 2001 198 2057 putes
209 1989 344 2054 cedendum.
361 1992 432 2051 Quod
443 2009 484 2057 ego
491 2008 533 2040 nec
543 1993 673 2058 reipublice
683 2005 740 2056 puto
751 2009 798 2042 esse

130 2058 195 2116 utile,
206 2073 249 2106 nee
264 2056 341 2104 liberis
355 2058 429 2114 meis;
446 2065 554 2121 praetereu
569 2073 644 2121 neque
656 2065 744 2104 rectum
758 2073 799 2114 ne-

130 2137 177 2185 que
187 2123 316 2171 honestum.
333 2121 380 2170 Sed
390 2122 449 2170 cur?
466 2122 584 2169 Poterisne
596 2121 666 2184 igitur
676 2121 752 2169 videre
762 2130 799 2186 ty-

131 2191 250 2236 randum?
268 2186 334 2251 qussi
347 2185 443 2245 intersit,
455 2185 548 2234 audium
562 2201 592 2234 uu
603 2185 701 2245 videam,
713 2194 754 2234 eut
763 2187 799 2234 Io·
860 2191 862 2194 '

132 2250 242 2324 cupledor
249 2252 309 2299 mihi
319 2251 349 2300 sit
358 2251 495 2317 quarendus
504 2259 592 2310 auctor,
603 2267 674 2314 quem
682 2252 797 2310 Socratem

131 2329 182 2378 qur,
194 2329 247 2361 eum
257 2315 334 2364 XXX
343 2317 436 2381 tyranni
442 2325 524 2372 essent,
533 2315 615 2378 pedem
626 2315 692 2380 porti
702 2331 748 2363 non
759 2331 800 2364 ex-

131 2378 193 2427 tulis
209 2378 254 2425 uss
269 2380 328 2428 mihi
359 2391 450 2430 raeteree
465 2381 580 2444 precipue
596 2396 664 2429 muse
677 2381 799 2438 munendie

131 2443 161 2492 de
171 2443 219 2506 qud
229 2444 319 2490 utiusm
353 2446 359 2456 ’
376 2447 453 2494 ueudo
458 2456 534 2494 tecum
543 2445 624 2510 loquer
634 2446 640 2493 l
658 2445 719 2508 ugo,
731 2445 800 2494 XIII

133 2507 256 2568 Celendes,
271 2523 325 2556 eum
340 2510 420 2558 eidem
433 2511 527 2560 lucernis
540 2511 584 2559 hec
600 2511 718 2574 epistolem
730 2508 801 2573 scrip·

132 2575 220 2632 diesem,
232 2573 280 2636 qui
296 2572 465 2625 inflammaram
482 2586 555 2634 tuam,
571 2575 671 2623 Formiis
685 2574 715 2622 ad
728 2575 800 2620 Pom-

131 2637 219 2703 peium,
231 2637 250 2685 si
261 2637 290 2686 de
299 2653 355 2700 pece
369 2653 481 2703 ageretur,
492 2641 634 2704 profecturus
645 2653 723 2694 eram;
741 2636 759 2686 si
771 2637 799 2686 de
886 2647 892 2666 '¹

131 2701 326 2766 reliquum]
382 2769 386 2776 1
422 2745 423 2748 ,
