1784 2944
142 171 188 219 154
269 169 320 221 AD
335 171 508 222 anniculi.
525 173 585 221 Lis.
600 172 622 219 Ι.
645 171 683 220 li.

139 301 180 348 illo
196 310 281 364 aperte,
298 309 357 350 tecte
374 301 431 367 quil
447 302 489 350 uid
505 311 538 350 aet
554 301 646 361 datum,
662 299 761 348 liberter
774 311 811 349 aea

139 365 196 430 cepi.
213 367 266 430 Ego
277 375 355 414 autern
365 367 415 431 ipse
426 369 436 421 (
463 368 479 414 'i
488 367 543 415 boni
552 365 572 428 !)
588 381 635 430 quo
645 365 716 412 modo
728 381 813 426 υεπερ-

139 447 278 492 neptunum
288 446 348 479 novo
360 431 459 479 auditori
469 430 595 496 Pompeio!
614 431 640 479 Si
650 445 758 493 unquam
768 429 812 476 mi-

138 491 163 538 lii
182 494 278 558 περιοδοι,
296 515 308 550 η
329 513 424 556 nonnas,
440 516 453 550 η
469 499 617 554 violentiora,
633 515 645 550 η
665 511 810 552 antecursor,

138 557 349 620 suppeditaverunt,
361 559 401 606 illo
412 569 521 624 tempore.
539 559 604 623 Quid
615 559 710 606 multa?
727 559 813 606 darno·

139 635 182 668 res.
209 621 304 671 Etenim
314 625 364 672 haec
374 633 422 671 erat
433 625 547 679 inebrae,
559 623 587 672 de
597 623 709 688 gravitate
716 621 811 682 ordinis,

137 684 167 732 (le
178 689 277 750 equestri
291 688 418 746 concordii,
434 688 463 735 de
473 688 618 736 consensione
630 687 714 745 italie,
726 687 757 734 de
767 687 812 733 im·

138 751 235 799 mortuis
252 752 354 816 reliquiis
370 753 540 814 conjurationis,
558 753 587 800 de
598 753 694 810 vilitate,
712 752 742 799 de
758 750 811 798 otio.

139 813 210 862 Nbsti
218 817 268 877 J‘am
279 817 304 864 in
314 817 357 865 hac
367 816 463 864 materii
474 817 561 865 sonitus
571 826 674 866 nostros:
691 815 752 863 tanti
762 815 812 862 fue-

139 887 202 937 runt,
220 889 247 928 ut
262 897 304 945 ego
320 897 347 930 eo
359 880 448 932 brevior
462 881 515 942 sim,
533 881 596 945 quod
607 897 644 930 eos
655 895 731 944 usque
745 879 812 928 istinc

140 944 260 993 exauditos
271 955 360 1010 putem.

172 1009 286 1058 Romanae
300 1020 378 1059 autem
391 1026 415 1058 se
426 1026 463 1058 res
473 1010 506 1058 sic
516 1010 609 1058 habent.
630 1011 729 1059 Senatus
742 1017 813 1070 Αρειος

140 1079 235 1131 Παγοςε’
248 1075 307 1122 nihil
322 1075 470 1135 constantius,
486 1075 545 1122 nihil
561 1075 669 1133 severius,
689 1073 750 1120 nihil
766 1072 812 1119 ior-

139 1136 192 1184 tius.
210 1137 284 1199 Nam,
296 1155 351 1188 cum
365 1140 413 1187 dics
424 1140 523 1186 venisset
537 1139 649 1202 rogationi
665 1153 694 1186 ex
710 1139 813 1184 senatis-

139 1201 244 1251 consulto
264 1203 371 1262 imendae,
391 1205 556 1250 concursabant
573 1202 689 1250 barbatuli
704 1202 811 1262 juvenes,

140 1271 202 1316 totus
218 1267 257 1316 ille
273 1283 330 1332 grex
348 1265 462 1327 Catilinae,
481 1267 539 1314 duce
555 1266 626 1314 filioli
644 1265 770 1322 Curionis;
791 1273 813 1312 et

34 1340 39 1348 ’
141 1331 813 1444 ΞΞΓἚΞ’““ἒῗὲ·ἒ“ΞὲἓὲἐὲῗἘωῖῥῖἓ““Μ“

180 1429 188 1452 ,
654 1428 661 1443 .

173 1455 258 1521 Opera
268 1412 387 1508 manae
392 1431 477 1523 'pontes
492 1458 635 1524 occupirant.
653 1459 760 1507 Tabellas
770 1457 814 1506 mi·

139 1521 296 1571 nistrabantur
306 1523 347 1582 ita,
358 1532 385 1572 ut
398 1525 463 1571 nulla
473 1525 565 1573 daretur
576 1527 594 1554 “
604 1523 645 1572 Uti
653 1525 746 1588 rogas.”
766 1523 813 1570 lllc

141 1584 184 1632 tibi
202 1586 287 1636 Rostra
306 1587 364 1636 Cato
383 1585 493 1646 amotam
517 1589 645 1637 convicium
665 1587 747 1636 Pisoni
762 1600 815 1636 con·

140 1648 186 1694 suli
196 1649 319 1699 mbilicum
333 1651 403 1709 iacit3
421 1653 441 1700 si
451 1653 475 1700 id
490 1663 523 1702 est
538 1654 675 1711 convicium,
686 1668 733 1701 vox
760 1653 812 1700 lem

140 1713 266 1774 gravitatis,
277 1716 346 1778 plena
361 1717 510 1778 auctoritatis,
541 1718 594 1766 lena
609 1719 709 1782 denique
725 1669 812 1765 alum

141 1777 239 1826 Accedit
254 1779 335 1828 eodem
349 1781 419 1828 etiam
429 1791 505 1830 noster
542 1783 662 1840 ortensius,
674 1781 745 1829 multi
755 1796 813 1846 pre-

139 1849 201 1890 terea
211 1845 272 1892 boni.
291 1845 391 1909 Insignis
402 1861 455 1894 vero
466 1863 535 1910 opera
542 1847 640 1895 Favonii
650 1847 702 1894 fuit.

173 1907 227 1956 Hoc
245 1925 355 1959 concursu
375 1910 514 1974 optimatum
536 1911 628 1958 coniitia
645 1911 812 1958 dimitttmturc

141 1981 233 2021 serratus
244 1984 344 2023 vocatur.
362 1974 424 2023 Cum
439 1975 595 2023 decemeretur
606 1975 722 2040 frequenti
733 1983 812 2023 senatu
883 1988 884 2034 1

141 2039 231 2090 (contra
241 2049 359 2104 pugnante
370 2039 462 2100 Pisone,
474 2039 503 2086 ad
514 2040 582 2104 pedes
593 2041 699 2088 omnium
710 2039 813 2102 singilla-

142 2101 185 2148 tim
196 2105 311 2152 aceidente
318 2105 419 2164 Clodio),
430 2112 457 2151 ut
471 2105 575 2152 consulas
587 2105 702 2168 populum
710 2105 814 2152 cohorta-

137 2175 218 2213 rentur
228 2169 258 2216 ad
268 2170 409 2231 rogationem
420 2167 590 2232 accipiendam
607 2169 713 2217 homines
725 2168 755 2216 ad
763 2167 812 2216 XV

141 2227 245 2291 Curioni,
263 2234 356 2279 nullum
369 2233 600 2281 senatis-consultum
614 2233 716 2292 facienti,
737 2247 812 2280 aasen-

142 2301 236 2340 serunt:
260 2310 289 2342 ex
305 2295 376 2342 alteri
386 2305 450 2360 parte
460 2297 527 2345 facile
537 2297 620 2346 CCCC
631 2297 733 2344 bierunt.
751 2299 812 2344 Acts

142 2369 178 2401 res
189 2365 229 2403 est.
246 2357 328 2404 Fufius
339 2359 445 2406 tribunus
456 2368 507 2407 tum
518 2362 633 2409 noncessit.

173 2415 270 2466 Clodius
280 2421 397 2469 conciones
406 2424 501 2471 miseras
508 2425 616 2484 habebat,
627 2426 652 2472 in
663 2425 750 2488 quibus
761 2423 812 2471 las-

140 2481 238 2541 eullum,
248 2483 408 2544 Hortensium,
421 2485 449 2535 C.
462 2487 578 2547 Pisonem,
591 2489 718 2536 Messalam
729 2503 811 2536 consu·

140 2546 196 2604 lem,
208 2547 371 2595 contumeliose
386 2550 499 2608 lndebat3
516 2567 554 2599 me
567 2561 659 2600 tanturn
673 2552 811 2616 comperisse

138 2609 217 2656 omnia
227 2610 396 2658 criminabatur.
414 2615 512 2662 Senatus
520 2623 542 2662 et
552 2615 581 2662 de
592 2617 715 2679 provinciis
725 2624 810 2681 preto-
883 2617 884 2660 l

136 2687 199 2732 rom,
211 2681 234 2722 et
251 2673 451 2736 delegationibus,
466 2687 489 2725 et
503 2679 533 2726 de
543 2680 630 2727 caeteris
647 2682 717 2728 rebus
733 2680 810 2728 doeer·
883 2672 884 2722 l
