1764 2942
125 99 174 185 eor
244 137 295 186 nn
311 127 680 189 surrentinorum.

123 266 207 314 lerunt.
225 266 274 316 inc
281 267 384 328 Abdere,
396 281 443 316 non
453 273 541 316 tecente
551 281 596 317 me.
613 265 693 327 Dices,
704 265 797 315 Temen

124 337 149 378 tu
167 344 213 379 non
227 331 341 393 quiescis?
364 334 475 396 Ignoscet
497 333 537 381 vix
551 347 662 396 possume
680 340 798 380 vannus*

125 407 179 442 men
196 394 253 458 quid
270 405 318 444 tem
335 397 477 446 ridiculum?
498 398 596 446 Senatus
610 397 750 455 donaverat,
767 409 797 442 ne

125 458 189 522 prius
208 460 299 508 comitis
315 461 461 520 haberentur,
481 477 553 526 quem
568 462 608 510 lex
624 461 673 508 lota
686 468 759 508 essete
778 459 797 507 si

65 531 72 540 ·
126 523 167 633 poi
177 523 344 583 intercessisset,
356 541 392 574 res
402 527 491 589 integre
501 527 628 574 referretur.
647 525 732 588 copo
743 523 797 572 ferri

136 587 221 634 enitere
237 589 386 637 intercessum
403 605 449 638 non
464 589 557 646 inuitis;
580 605 615 638 res
629 589 660 636 cd
675 597 797 636 senstume

126 651 156 699 de
166 652 194 698 sis
204 667 228 700 re
237 653 271 700 ius
285 664 429 713 censuerunt,
441 654 534 702 comitis
544 648 621 718 primo
633 669 730 717 quoque
740 661 799 699 tern-

127 731 182 780 pore
192 717 279 776 heberi,
291 733 339 766 esse
350 735 362 766 e
372 733 404 766 re.
421 720 529 778 Sccums,
545 719 587 783 qui
599 727 649 766 eret
660 718 741 781 paucis
752 717 799 764 ote·

127 781 171 828 bus
181 781 228 828 illis
239 783 364 839 absolutus,
376 797 430 830 cum
441 797 483 846 ego
492 793 583 846 portem
594 785 644 845 ejus
653 781 798 830 ornatissime

127 845 287 905 defendissem,
303 848 514 895 obnuntiationibus
530 863 572 910 per
584 847 713 895 Scaevolom
729 846 799 892 inter-

126 910 214 972 positis,
230 909 327 974 siogulis
339 911 421 960 diebus
438 927 510 975 usque
527 913 557 959 ad
570 911 644 975 pridie
661 911 715 959 Cal.
726 909 798 958 Octo·

127 975 178 1022 bres
193 978 250 1038 (quo
261 991 304 1038 ego
318 976 367 1024 hee
381 976 418 1024 die
430 973 519 1040 scripsi)
536 976 641 1032 sublatis,
655 975 745 1038 populo
759 973 798 1020 tri·

126 1039 203 1088 butim
214 1039 277 1087 domi
287 1055 334 1088 sun
344 1040 487 1089 sedsfoemot.
504 1041 550 1089 Sed
557 1049 644 1100 nmen,
657 1039 700 1087 etsi
708 1037 798 1087 uberior

127 1102 251 1154 liberalitas
267 1104 345 1166 hujus,
361 1105 446 1168 gratior
461 1119 510 1154 esee
524 1104 644 1153 videbutur
657 1119 742 1152 eorum
759 1098 799 1168 qui

127 1169 274 1231 oocupbront.

129 1253 133 1258 ·
159 1233 274 1296 Cuperem
284 1234 376 1282 vultum
387 1234 463 1282 videre
474 1242 551 1293 tuum,
563 1249 617 1284 mm
631 1232 683 1281 haec
694 1233 796 1296 legeres:

126 1310 181 1344 nem
191 1297 292 1361 profecto
302 1297 364 1358 [rem
371 1298 441 1347 hebes
452 1299 563 1362 nullm]
575 1298 625 1345 hec
635 1297 729 1360 negotiu
736 1293 797 1344 mul·

125 1369 203 1408 terum
220 1361 376 1410 nundinarum
396 1364 450 1411 fore.
473 1363 519 1412 Sed
535 1371 627 1410 serimus
640 1361 710 1409 hodie
724 1361 799 1408 fueret

125 1425 226 1484 iuturus,
238 1426 263 1473 id
273 1436 315 1487 est,
327 1426 377 1474 cu.
389 1427 528 1476 Octobribus
538 1443 545 1474 r
561 1426 611 1488 jem
624 1426 688 1474 enim
700 1425 796 1473 Insistit

126 1488 165 1536 Ibi
182 1489 298 1553 loquetur,
318 1499 399 1554 praeter
411 1491 512 1539 Antium
529 1500 551 1538 et
567 1491 707 1549 Favonium,
727 1490 797 1537 libere

125 1565 209 1600 nemos
226 1555 464 1618 nemCstoaegrotsts
476 1554 747 1603 demenihiltimuerisr
760 1553 798 1602 sed

125 1623 203 1662 umen
230 1618 399 1666 mnuswniffit

157 1633 231 1740 Quid:
250 1682 342 1744 queris,
365 1683 447 1731 eliud?
474 1684 577 1742 Judicis,
595 1683 669 1732 credo.
694 1682 795 1740 Drusus,

125 1744 233 1803 Soeuure,
245 1759 292 1793 non
302 1745 381 1794 iecisse
391 1749 534 1797 uniebantur.
552 1748 611 1796 Tres
621 1747 740 1796 candidati
751 1747 798 1794 fore

124 1809 318 1936 {nunu
329 1810 620 1926 nubserint
627 1810 796 1924 istm

122 1937 188 1996 Quid
198 1939 291 2002 poteris,
306 1909 330 1987 in
347 1940 404 2001 uies,
420 1942 501 2005 proiis
516 1911 609 1990 dicire?
626 1941 666 1988 Ne
677 1939 796 1998 vivsm,si

121 2003 174 2050 ecio.
192 2003 222 2050 In
232 2004 278 2052 illis
289 1955 383 2068 quidem
393 2007 467 2054 tribue
476 2006 549 2066 libris,
566 2020 625 2068 quos
639 2013 666 2052 tu
678 2004 794 2063 dilaudas,

122 2065 181 2114 nihil
187 2069 285 2132 reperio.
302 2069 383 2130 Nunc,
394 2078 420 2118 ut
430 2070 562 2133 opinionem
572 2071 657 2118 bebees
664 2083 753 2127 mrum,
765 2068 797 2115 Ie·
808 2102 810 2118 .

123 2131 220 2178 rendum
241 2141 281 2180 est.
307 2134 408 2192 Qnseris,
426 2149 469 2196 ego
481 2147 521 2182 me
538 2143 567 2182 ut
583 2134 714 2198 gesserim?
735 2131 799 2182 con·

121 2202 208 2242 stanter
221 2204 244 2244 et
262 2197 340 2244 libere.
362 2197 429 2257 Quid
444 2199 503 2246 ille?
525 2199 633 2262 inquies:
649 2207 676 2245 ut
689 2197 797 2246 serebat?

123 2257 280 2316 Humanitere
301 2275 404 2324 meaeque
419 2263 546 2324 dignitatis,
563 2263 640 2326 quoad
657 2263 718 2309 mihi
732 2261 797 2309 ntis·

122 2319 212 2366 monum
222 2331 288 2381 esset,
300 2324 431 2372 habendum
443 2326 487 2374 sibi
497 2327 609 2374 rationem
620 2329 726 2390 putabet.
744 2325 799 2383 Quo

121 2383 191 2430 modo
202 2399 256 2445 ergo
266 2387 405 2436 absolutus?
428 2389 534 2438 Omnino
547 2407 634 2452 γοργιια
648 2407 727 2450 pupae«.
748 2390 797 2436 Ad·

120 2454 253 2493 euenturum
269 2449 408 2498 incredibilis
426 2453 532 2513 infantie,
549 2453 575 2500 id
589 2461 631 2513 est,
644 2455 674 2500 Ia.
693 2452 797 2510 Lentuli,

123 2635 229 2684 XXXII
237 2639 427 2702 condemnirunt,
436 2643 582 2693 XXXVIII
590 2644 746 2693 absolverunt.
753 2643 797 2692 Ju-

122 2509 152 2556 L.
170 2511 198 2556 F·
214 2525 284 2574 quem
299 2513 402 2562 fremunt
412 2531 492 2564 omnes
503 2517 695 2580 prevaricatume
715 2516 798 2564 deinde
871 2527 872 2562 t

122 2573 228 2636 Pompeii
239 2576 298 2622 mire
310 2579 442 2634 eontentior
456 2581 563 2639 judicum
577 2581 661 2628 sordes.
680 2582 794 2628 Attamen
871 2565 872 2634 i
