1764 2942
125 230 170 278 186
256 227 306 275 AD
322 227 496 280 ATTIOUM.
514 227 575 277 Iun.
587 229 623 279 11.
640 231 665 279 6.

88 469 92 474 .
301 453 309 480 )
740 457 747 472 ·

128 499 185 534 num
196 499 249 546 que
259 499 324 532 novre
334 485 410 548 legas:
428 495 459 545 et,
471 501 529 533 num
546 486 602 549 quid
615 500 670 535 noer
686 489 796 537 omnino:

128 558 159 608 et,
177 548 287 611 quoniam
300 549 381 612 Nepos
396 549 552 613 proficiscitur,
564 550 657 599 cuinam
671 562 797 616 auguratur

128 612 242 662 deferatur
250 628 263 676 ςΙ
270 628 317 675 quo
324 612 418 676 quidem
425 629 473 660 uno
480 630 523 678 ego
533 617 564 663 ab
574 615 622 664 istis
633 616 685 679 oapi
694 631 797 679 pmaum.

130 676 191 726 Vide
201 676 317 724 levitatem
332 693 416 724 meam.
433 678 480 726 Sed
496 678 553 742 quid
568 695 611 740 ego
624 678 683 738 hren,
695 697 750 744 quae
759 697 799 729 eu·

130 741 169 805 pio
179 740 299 803 deponere,
310 749 333 788 et
343 749 391 789 toto
401 741 479 790 animo
489 751 559 805 atque
569 744 633 791 omni
643 744 701 791 ouri
712 754 800 806 φιλοσο-

131 803 194 866 pro?
210 804 257 864 Sic,
268 805 373 867 inquam,
390 805 416 852 in
426 806 504 853 animo
518 815 566 854 est:
584 808 668 856 vellem
685 810 716 856 ab
726 807 798 856 initio.

131 868 203 915 Nunc
213 884 275 928 vero,
286 870 405 931 quoniam,
416 886 469 933 quae
478 871 559 933 putavi
569 885 617 919 ease
626 872 746 936 preclara,
761 887 800 920 er-
873 871 874 920 3

131 942 209 994 pertua
219 947 280 988 eum,
291 949 363 996 quam
374 942 449 981 assent
461 935 548 995 inania,
559 950 613 983 oum
624 936 733 984 omnibus
743 937 800 984 Mu·

131 995 162 1044 eia
173 996 284 1044 rationem
294 997 378 1045 habere
388 997 470 1060 cogito.

164 1059 204 1108 Tu
217 1071 295 1109 tamen
309 1061 339 1109 de
353 1062 434 1110 Curtio
449 1062 528 1110 adme
543 1063 640 1113 mue
652 1063 752 1122 oeriiun
769 1074 799 1125 ei,
873 1117 874 1140 p

129 1131 189 1172 ‘num
205 1125 257 1190 quia
273 1125 298 1172 in
314 1126 365 1186 ejus
377 1126 455 1173 locum
474 1135 583 1189 peretum
600 1135 631 1186 et,
653 1129 713 1192 quid
728 1130 758 1178 de
771 1130 798 1177 P.
873 1141 874 1181 i

132 1189 214 1238 Clodio
238 1191 295 1237 fiat:
318 1197 341 1239 et
358 1189 445 1245 omnia,
462 1191 659 1253 quemadmodum
674 1193 796 1256 poliioerir,
873 1209 874 1224 ¹

134 1271 169 1300 rm
186 1263 269 1318 σχολης
286 1253 372 1311 scribe3
390 1262 421 1313 et,
439 1253 537 1317 quodie
553 1254 630 1302 Romi
645 1263 669 1304 re
683 1258 799 1306 exiturum

132 1326 207 1381 putea,
219 1317 288 1365 velim
301 1317 331 1364 ad
344 1332 383 1365 me
393 1319 492 1376 scribon
509 1327 537 1366 ut
547 1319 665 1367 oertiorem
676 1329 700 1368 te
710 1322 799 1379 faciam,

143 1382 217 1429 'uibus
228 1381 253 1428 in
263 1381 318 1428 loeis
328 1381 421 1429 futurus
431 1383 489 1439 sim3
502 1382 668 1447 epistolamque
679 1387 800 1434 atarimdea

132 1397 161 1490 de
171 1446 199 1492 iis
209 1447 285 1503 rebua,
292 1445 321 1493 de
332 1445 416 1509 quibua
425 1447 456 1494 ad
466 1455 489 1495 te
499 1447 585 1511 scripsi.
602 1448 679 1498 Valde
689 1450 753 1499 enim
763 1465 800 1500 ex·

132 1517 208 1572 specto
218 1516 269 1557 tuae
279 1509 363 1557 literas.

270 1709 321 1769 (6.)
344 1707 471 1761 emano
487 1711 621 1762 nnrrco
637 1713 662 1762 s.

166 1835 238 1895 Quod
247 1837 290 1887 tibi
303 1839 457 1902 superioribus
466 1841 537 1890 literis
548 1841 706 1906 promiseram,
718 1843 767 1892 fore
776 1852 801 1891 ut
874 1837 875 1858 ³

133 1916 192 1964 opus
202 1910 301 1950 exstaret
310 1904 381 1965 huJue
391 1905 594 1967 peregrinationi„
610 1906 669 1954 nihil
677 1908 729 1968 jam
740 1924 803 1972 mag·
874 1929 875 1946 ¹

132 1979 216 2030 nopere
233 1967 350 2016 oonfinno.
374 1968 411 2017 Sic
426 1969 488 2016 enim
502 1985 555 2017 eum
571 1969 706 2034 complexus
721 1973 801 2031 orium,

133 2040 161 2078 ut
179 2032 208 2078 ab
221 2046 249 2079 eo
263 2032 340 2080 divelli
357 2045 404 2080 non
419 2049 511 2096 queam.
536 2033 619 2098 Itaque
633 2043 675 2082 aut
686 2035 753 2085 libris
765 2053 801 2084 me
826 2071 836 2087 .
874 2073 875 2100 2

132 2093 228 2155 delecto,
243 2111 343 2160 quorum
356 2096 430 2145 habeo
441 2097 507 2144 Antii
520 2097 626 2146 festivom
641 2099 749 2163 eopiam3
764 2107 803 2148 aut
829 2113 837 2134 ¹·

133 2157 216 2207 fluctus
227 2175 324 2208 numero
333 2177 341 2216 3
358 2176 414 2208 nam
425 2160 456 2209 ad
466 2163 560 2210 lauertoa
570 2163 694 2226 captandoe
704 2173 753 2212 tem

133 2230 190 2269 uam
205 2237 251 2270 non
262 2233 317 2272 aunt
331 2224 426 2273 idoneae.
442 2226 467 2273 A
479 2225 597 2274 scribendo
613 2241 706 2290 prorsus
722 2181 804 2277 aoid:

132 2293 167 2331 ret
178 2287 276 2333 animus.
298 2287 393 2335 Etenim
406 2300 555 2351 γεωγραφικα,
566 2306 620 2353 quoe
630 2293 802 2352 wnfltituenm,

132 2361 244 2408 magnum
258 2363 317 2409 opus
336 2358 385 2397 eat:
409 2352 442 2398 ita
458 2353 524 2400 valde
541 2353 713 2414 Eratosthenes,
734 2371 803 2421 quem

132 2409 190 2456 mihi
201 2425 372 2472 proposueram,
384 2429 398 2461 a
411 2415 533 2478 Serapione
544 2426 567 2465 et
581 2420 610 2465 ab
621 2417 760 2482 Hipparcho
770 2435 805 2467 re-

131 2472 287 2534 prehenditur.
312 2474 377 2532 Quid
396 2491 480 2537 oensee,
496 2480 515 2526 si
530 2479 651 2543 Tyrannio
668 2484 803 2531 accesserit?

131 2535 165 2582 Et
180 2534 292 2596 (herede)
306 2547 360 2584 aunt
374 2555 410 2586 rea
426 2541 530 2590 difficiles
545 2543 575 2590 ad
590 2545 765 2608 explicandum,
782 2555 803 2594 et

130 2599 246 2654 ὅμουδιιςι
265 2613 307 2646 nec
320 2608 368 2646 tam
414 2609 713 2668 εευηῒανθηρογραφυσθαι,
732 2625 802 2674 quem

128 2660 262 2732 ¹videbatur:
283 2670 306 2710 et
324 2618 483 2730 (quodocapnt
500 2671 544 2729 eat)
565 2670 623 2718 mihi
641 2673 731 2734 quaevia
749 2674 802 2722 satia

138 2732 190 2772 ueta
201 2739 269 2774 eausa
280 2728 383 2775 cessandi
394 2737 435 2776 eat.
