1820 2944
113 209 145 258 1⁸
209 205 259 254 AD
271 196 448 254 nivsssos.
465 203 526 251 lus.
537 197 611 251 xm
629 199 668 249 16:

141 331 210 398 (16.)
226 333 341 382 limo.
358 330 540 392 dommim,
557 327 632 380 ΙΜΡ.
647 329 672 380 S.
680 325 708 377 P.
717 327 751 377 1).

147 453 343 518 (Argumentum.
357 478 390 492 -
399 453 561 520 Apollonium,
577 453 606 501 1³.
620 451 697 501 crassi
710 449 779 498 liber·

115 517 506 582 tumCaesmiinHispuniicontra
513 516 619 582 Pompeii
627 515 780 566 flliosbellum

112 583 211 649 gerenti,
222 581 387 643 commendas)

111 751 117 758 .
145 710 261 760 Publium
278 711 387 761 Crassum
400 726 429 759 ex
443 712 508 760 omni
522 709 641 760 nobilitato
653 709 781 758 adoloscen-

117 784 165 824 lsm
175 775 246 824 dilexi
256 775 400 838 plurimum:
418 782 441 822 et
451 775 480 823 de
490 791 516 824 oc
526 790 580 823 cum
591 777 620 823 sb
630 775 724 822 ineunte
731 775 781 834 ejulo

117 848 184 888 aetatc
193 841 251 890 bene
261 839 417 903 sparsissem,
425 847 477 886 tum
484 856 526 904 per
533 855 571 886 me
579 839 707 886 existimare
715 838 781 901 coepi,

117 904 146 952 iis
153 903 254 965 judiciis,
265 919 318 966 quae
328 903 357 951 do
367 919 394 951 co
404 904 510 963 feceram,
525 903 628 966 cognitis.
643 903 703 965 Ejus
712 902 783 950 liber·

118 976 179 1027 tum,
190 967 352 1032 Apollonium,
361 969 412 1030 jsm
420 977 474 1016 tum
484 967 590 1032 equidem
608 981 662 1014 cum
671 965 712 1014 illc
721 966 783 1014 vive-

118 1040 162 1092 ret,
173 1040 196 1080 ct
206 1031 286 1095 magni
301 1031 422 1090 faciebam,
437 1039 461 1080 ct
469 1033 603 1096 probabam.
619 1031 678 1080 Erat
688 1031 750 1080 enim
760 1039 784 1078 et
810 1049 812 1056 ·

119 1096 234 1145 studiosus
245 1096 330 1156 Crassi,
341 1104 364 1144 et
380 1095 410 1144 sd
420 1097 470 1157 ejus
479 1095 567 1159 optimu
577 1095 652 1142 studio
662 1095 784 1144 vehemen-

120 1169 155 1210 ter
168 1169 244 1226 uptus.
261 1159 343 1224 Itaque
354 1162 384 1209 ab
394 1175 421 1209 oo
431 1160 556 1208 admodum
566 1159 711 1222 diligebsmr.
727 1159 784 1207 Post

115 1235 218 1274 ,mortem
236 1235 314 1274 sutem
331 1225 415 1286 crass,
428 1225 523 1296 oomihi
539 1224 609 1274 etiam
623 1223 713 1288 dignior
722 1223 785 1272 visus

119 1298 162 1350 cst,
174 1307 245 1355 quem
259 1291 286 1338 in
303 1290 373 1338 fidem
390 1299 460 1354 atque
475 1289 600 1338 amicitiam
610 1303 687 1338 mcum
701 1288 786 1351 rcoipo·

121 1369 179 1412 rem,
191 1353 253 1417 quod
268 1369 306 1401 eos
320 1369 335 1400 a
351 1369 375 1401 se
389 1354 542 1402 observandos
557 1362 580 1402 et
596 1353 702 1404 colendos
717 1360 786 1418 putu-

121 1418 170 1476 δεῖ,
181 1433 239 1480 quos
249 1417 289 1464 illc
299 1416 422 1478 dilexisset,
434 1426 456 1465 et
467 1418 552 1481 quibus
563 1433 629 1466 curus
639 1418 726 1465 fuisset.
818 1463 821 1470 .

152 1479 236 1543 Itaque
250 1488 273 1527 et
289 1479 320 1526 sd
329 1494 368 1528 me
377 1480 402 1526 in
417 1480 523 1528 Ciliciam
533 1481 610 1536 venit;
626 1481 752 1543 multisque
761 1481 786 1527 in

120 1545 188 1592 rebus
198 1543 257 1590 mihi
267 1557 352 1606 magno
362 1544 415 1590 usui
424 1543 470 1591 fuit
480 1551 503 1591 et
513 1543 569 1590 lidos
583 1545 641 1604 ejus,
653 1552 676 1590 et
685 1543 787 1606 pruden-

121 1607 168 1656 tiss
185 1616 217 1667 ct,
234 1615 261 1654 ut
271 1607 359 1670 opinor,
374 1606 417 1656 libi
427 1605 451 1656 in
462 1606 621 1654 Alexandrino
631 1607 701 1668 bello,
711 1619 786 1670 quon·-

120 1680 172 1722 tum
183 1671 259 1720 studio
276 1681 299 1719 st
315 1671 424 1718 fidelitate
434 1671 542 1734 consequi
551 1671 635 1734 potuit,
646 1686 693 1720 nou
705 1671 787 1720 defluit.

121 1735 192 1795 Quod
202 1751 256 1783 cum
267 1743 366 1798 speraret
376 1744 399 1783 to
409 1750 501 1798 quoque
509 1735 541 1782 itu
549 1735 686 1795 existimare,
693 1736 719 1784 in
730 1735 788 1784 His-

120 1800 215 1864 paniam
224 1799 255 1847 sd
265 1808 296 1858 ce,
311 1799 412 1847 maxine
421 1799 461 1846 ille
474 1798 568 1863 quidem
579 1815 620 1848 suo
631 1800 732 1860 consilio,
747 1801 788 1850 sed

122 1864 191 1912 etium
202 1879 241 1912 me
255 1872 354 1923 auctore,
366 1872 400 1912 ost
416 1863 537 1928 profectus.
554 1863 603 1912 Cui
613 1881 655 1929 ego
671 1881 789 1914 commen·

85 1937 87 1943 '
121 1927 238 1976 dudonem
255 1942 302 1976 non
312 1943 364 1976 sum
374 1928 497 1992 pollicitus,
511 1943 558 1976 non
568 1929 626 1992 quin
636 1945 688 1979 eum
705 1931 789 1985 solitus

122 2007 173 2040 rum
184 1991 246 2057 apud
257 2000 280 2040 to
289 1993 425 2042 mbitrorerz
443 1993 483 2042 ssd
493 2007 568 2057 nsque
581 1994 641 2044 mihi
650 2009 717 2059 egeus
726 2010 790 2051 com«,

123 2057 268 2105 mendatione
278 2056 406 2117 videbatur,
433 2057 459 2105 ui
473 2066 496 2106 et
505 2058 530 2106 in
542 2059 603 2108 bello
614 2067 691 2110 tecum
700 2059 788 2121 luisset,

123 2129 155 2196 ot,
166 2129 259 2196 psopter
269 2121 404 2169 memorium
413 2074 496 2181 drussi,
508 2122 537 2171 de
547 2123 594 2171 tuis
604 2138 665 2171 unus
676 2132 745 2182 esset3
757 2133 788 2195 et³

123 2199 143 2232 u
153 2193 189 2232 utu
199 2185 435 2235 commendationibus
449 2187 525 2248 vellet,
537 2188 607 2236 etium
617 2203 658 2253 per
668 2189 724 2237 ulios
735 2203 790 2252 eum

119 2248 231 2298 videbam
241 2249 265 2297 id
279 2250 386 2314 consequi
396 2265 468 2315 posse.
485 2251 656 2301 Testimonium
666 2253 713 2302 mel
723 2251 752 2301 ds'
761 2269 790 2304 oc

121 2313 212 2374 judicii,
229 2314 292 2378 quod
306 2323 329 2362 et
342 2314 391 2378 ipse
400 2315 481 2378 magni
494 2316 630 2375 aestimsbsu
641 2325 665 2366 et
674 2332 717 2380 ogo
727 2317 790 2382 opud

124 2385 147 2426 ts
157 2378 232 2428 valere
242 2393 305 2428 essm
316 2386 429 2443 expertus,
441 2380 463 2428 ei
472 2380 569 2428 libenter
578 2380 639 2430 dodi.

156 2441 262 2492 Doctum
278 2443 349 2507 igitur
360 2443 478 2492 hominem
493 2444 596 2508 cognovi,
608 2453 632 2494 ct
641 2444 721 2496 modiis
731 2448 792 2512 cpli-

120 2507 170 2556 -mis
184 2507 296 2565 deditum,
311 2508 382 2572 idque
392 2525 406 2556 s
417 2524 497 2574 puero.
514 2509 578 2558 Nam
592 2509 656 2561 domi
668 2526 727 2559 meus
736 2527 790 2564 mm

124 2571 227 2621 Diodoto
244 2573 329 2632 Stoico,
340 2573 433 2623 homine
444 2576 507 2634 (mco
521 2573 620 2636 judicio)
630 2575 791 2644 eruditissimo²

123 2638 226 2686 multum
242 2653 257 2685 c
267 2653 338 2702 puero
348 2638 401 2688 fuit.
418 2639 489 2692 Nunc
502 2648 589 2704 sutem,
600 2640 705 2690 incensus
716 2641 792 2690 smdic

124 2717 201 2752 rerum
219 2710 320 2763 tuarum,
339 2719 376 2752 eus
400 2703 470 2753 literis
487 2705 573 2754 Graeois
591 2704 702 2764 mundato
720 2705 791 2768 cupit.
