1764 2942
207 217 258 264 AD
274 215 446 265 AT‘rroUM.
464 217 524 264 Lm.
542 215 588 265 1v.
608 217 644 264 lo.
715 219 762 276 257

87 345 146 392 mihi
157 345 271 394 utendum
283 346 422 409 quibufflsm
433 347 501 394 rebus
513 361 542 393 ex
553 345 582 393 iis
596 346 671 405 libris,
682 345 761 394 adeor

87 425 144 521 quop
154 409 301 521 ipomonibue
311 411 400 467 habeo3
418 425 485 474 quos,
504 419 531 458 ut
546 425 622 474 spero,
640 410 685 460 tibi
695 410 762 460 vuldo

104 489 128 520 ro
144 490 159 520 a
191 507 198 520 .

86 490 168 597 piu,
185 538 264 597 veiim,
281 539 300 585 si
316 538 373 602 quid
387 538 445 585 forte
459 539 513 586 novi
530 538 609 596 habes,
626 539 728 588 maxime
745 555 760 588 ιι

85 601 178 662 Quinto
192 603 271 661 fratre,
283 601 364 650 deiurio
374 619 389 650 a
405 603 434 650 C·
445 603 544 661 Caesnre,
556 611 578 650 et
594 603 613 650 si
630 603 687 666 quid
701 604 760 652 forte

84 665 113 713 de
124 665 233 725 comitiis,
244 666 273 714 de
283 682 308 714 re
334 667 420 725 oblisi,
431 667 500 720 <soles
511 667 573 714 eninr
584 676 610 714 tu
620 667 669 715 haeo
679 667 760 716 festive

85 730 188 789 odorum
200 729 284 778 scribas
334 747 386 778 me:
404 732 424 778 si
438 731 472 777 nil
486 731 598 787 habebis3
616 739 694 778 tamen
704 733 760 779 sori-

86 797 127 842 bas
144 794 241 857 aliquid.
267 795 396 858 Nunquam
413 796 475 842 euim
492 795 551 842 mihi
561 804 602 842 tua
612 795 708 858 epistola
718 803 760 844 eut

85 858 249 920 intempestiva
259 867 300 906 eut
309 860 395 922 loquer
404 860 452 907 visa
462 867 503 906 est.
521 858 628 906 Maxime
635 868 714 907 autem
722 875 759 907 ro-

83 935 124 985 go,
136 924 206 970 rebus
216 922 262 970 tuis
272 931 364 986 totoque
380 924 460 972 itinere
475 937 504 970 ex
521 923 634 970 sententiis
648 923 758 982 confecto,

85 1002 128 1101 zos
138 986 315 1099 qustmvplrirnum
333 988 423 1038 revisas.
442 986 584 1050 Dionysium
598 988 656 1047 jube
666 988 759 1036 salvere.

109 1066 153 1098 urs
164 1067 180 1098 u
238 1066 283 1099 ers.

217 1239 287 1300 (ιι.)
304 1233 436 1289 ercurio
452 1239 588 1289 nrurco
603 1240 630 1288 s.

117 1367 158 1416 De
176 1367 308 1432 Eutychide
326 1377 435 1432 gratum
453 1368 503 1432 qui,
518 1375 592 1415 vetere
608 1367 758 1431 pronomine,

84 1447 147 1482 novo
164 1433 350 1490 nomine‚'1¹itus
364 1433 407 1482 erit
421 1432 543 1489 Caeciiius3
560 1441 588 1479 ut
599 1440 633 1480 est
646 1447 675 1480 ex
686 1447 724 1478 me
737 1440 760 1479 et

84 1511 114 1544 ex
123 1505 146 1544 te
150 1497 245 1564 junctus
252 1497 388 1561 Dionysius,
397 1497 435 1546 Μ.
444 1497 594 1560 Pomponius.
613 1496 689 1545 Valde
698 1498 759 1560 (me-

84 1559 189 1621 hercule)
201 1561 261 1610 mihi
271 1572 373 1624 gratum,
390 1562 410 1610 si
422 1561 565 1626 Eutychides
575 1569 640 1608 tuom
651 1577 706 1624 erge
719 1575 758 1608 me

84 1625 269 1674 benevolentiam
280 1635 415 1690 cognoscet3
427 1635 450 1674 et
460 1615 603 1674 summram
617 1626 642 1673 iu
654 1641 706 1686 meo
716 1625 758 1673 do·

84 1690 133 1738 lore
154 1689 288 1749 συμιιαθιιαι
305 1705 381 1754 neque
398 1699 450 1738 tum
460 1690 519 1738 mihi
533 1693 664 1749 obscuram,
682 1704 758 1754 neque

84 1762 137 1818 post
148 1754 273 1816 ingratam,
284 1754 362 1802 fuisse,

118 1819 167 1866 Iter
179 1818 308 1866 Asiaticum
318 1828 387 1866 tuum
401 1829 459 1882 puto
478 1819 520 1866 tibi
533 1817 703 1881 suscipiendum
718 1817 758 1864 fu·
816 1805 818 1815 i

84 1883 135 1930 isse.
155 1882 287 1946 Nunquam
303 1884 365 1930 enim
382 1891 408 1930 tu
423 1883 472 1930 sine
486 1883 614 1943 justissimi
629 1882 758 1928 causitum

84 1947 154 2010 longe
165 1961 180 1993 a
190 1954 225 1993 tot
235 1947 280 1995 tuis
289 1956 312 1994 et
322 1947 454 1994 hominibus
465 1955 488 1993 et
499 1949 571 1994 rebus
581 1945 702 1992 carissimis
716 1947 758 1991 ab*

84 2027 133 2059 osse
147 2011 265 2059 voluisses.
280 2011 329 2060 Sed
339 2011 506 2058 humanitatem
521 2019 595 2067 tuom,
611 2023 759 2070 amoremque

84 2075 109 2122 in
126 2083 188 2134 tuos,
200 2075 286 2123 reditis
296 2075 398 2124 celeritas
412 2074 542 2122 declarabit.
567 2072 613 2121 Sed
628 2087 714 2130 versor,
730 2086 760 2120 ne

84 2141 163 2204 lepore
173 2148 197 2186 te
208 2155 249 2187 suo
259 2129 361 2188 detinent
367 2139 454 2188 diutius
460 2139 538 2186 rhetor
545 2137 651 2196 Clodius,
658 2145 682 2184 et
689 2136 761 2184 homo
805 2171 809 2179 ,

84 2203 232 2268 pereruditus
242 2207 279 2259 (ut
287 2205 372 2263 aiunt),
381 2212 412 2262 et,
420 2218 482 2252 nuno
489 2202 583 2266 quidem
592 2200 682 2249 deditus
693 2201 760 2249 Gre-

84 2269 117 2318 cis
127 2269 209 2327 literis,
218 2269 346 2328 Pituanius.
368 2269 422 2327 Sed,
432 2269 451 2317 si
462 2268 497 2316 vis
508 2268 577 2314 homo
589 2282 644 2328 esse,
652 2266 725 2330 recipe
736 2274 760 2314 te

84 2334 115 2382 ad
126 2349 178 2392 nos,
191 2333 221 2380 od
231 2333 295 2396 quod
307 2342 399 2396 tempus
416 2332 564 2381 ooufinnisti.
582 2331 644 2380 Cum
661 2331 707 2379 iilis
724 2339 760 2379 ιιι·

85 2413 150 2455 rnen,
162 2412 218 2444 cum
229 2398 286 2445 solvi
297 2398 409 2456 venerint,
420 2399 503 2445 Romo
514 2397 589 2445 rivere
598 2396 683 2444 licebit.

118 2463 196 2510 Avere
207 2470 230 2508 te
241 2461 323 2524 scribis
331 2462 431 2525 sooipere
442 2460 530 2526 aliquid
543 2477 557 2508 ιι
571 2477 610 2508 me
624 2461 759 2512 literarume

84 2526 148 2584 ueri,
165 2541 193 2572 ao
209 2526 290 2573 multis
300 2526 395 2589 quidem
409 2527 438 2574 de
453 2528 529 2584 rebus,
547 2523 692 2584 η’μιριλιγδιι
709 2535 762 2582 per·

85 2591 171 2654 scriptu
182 2590 274 2637 omnia:
293 2590 341 2648 seri,
354 2589 394 2650 [ut
404 2590 520 2651 conjicim]
530 2588 641 2652 quoniam
649 2584 708 2631 mihi
715 2595 762 2628 non

85 2655 170 2703 videris
179 2655 204 2700 in
215 2653 288 2717 Epiro
295 2655 340 2701 ¹diu
351 2654 431 2712 fuisse,
440 2651 538 2700 redditas
549 2650 591 2696 tibi
602 2663 648 2695 non
657 2650 761 2720 arbitror.

86 2721 169 2768 Genus
180 2727 259 2766 eutem
270 2733 385 2780 mearum,
395 2717 458 2766 odie
465 2715 568 2780 quidem,
575 2713 694 2819 ligeritum
702 2719 763 2768 erues

557 2789 574 2822 z
