1784 2944
121 145 153 194 96
238 145 289 194 ΑΙ)
303 141 482 222 ‘DIVERSOd
500 143 561 192 Iun.
579 141 637 192 XV.
653 145 676 191 6.

155 273 227 334 Quod
244 273 264 322 si
280 272 577 337 triumphi'praerogatiram
593 281 662 336 putas
680 272 795 336 supplica-

123 339 219 397 tionem,
239 339 361 387 etidcirco
379 353 458 386 casum
475 338 552 402 potius
569 353 641 401 quam
660 346 684 385 te
704 337 797 386 laudari

125 404 214 460 murier
223 417 306 466 'neque
324 402 514 466 supplicationem
529 403 632 465 sequitur
647 417 739 466 semper
755 402 797 450 tn*-

29 508 36 516 ,
125 468 243 530 umphus;
261 476 284 515 et
302 467 419 530 triumpho
437 467 513 514 multo
528 467 610 514 clarius
628 475 669 524 est,
690 475 797 514 senatum

124 531 235 593 iudicare,
247 531 324 594 potius
335 531 509 593 mansuetudine
526 539 548 578 et
558 530 687 578 innocentii
697 529 798 593 impera·
825 543 830 550 “

126 596 191 652 toris,
202 596 351 658 provinciam,
363 611 434 658 quam
448 595 471 642 vi
485 595 586 642 militum
602 603 642 642 aut
656 595 799 658 benignitate

129 660 242 718 Deorum,
263 669 375 708 retentam
394 668 463 722 atque
480 668 634 707 conservatam
653 674 717 707 esser
735 658 799 724 quod

130 739 172 788 ego
183 725 236 772 mela
247 723 358 771 sententiis
369 725 495 771 censebam.

160 790 241 852 Atque
248 789 297 835 haec
306 803 347 850 ego
354 787 437 834 idcirco
443 787 473 834 ad
479 796 509 844 te,
519 796 597 834 contra
607 787 798 836 consuetudinem

128 868 214 912 meam,
226 852 331 916 pluribus
346 851 432 914 scripsi,
444 859 471 898 ut
482 851 555 915 (quod
566 852 668 900 maxime
682 853 744 912 volo)
756 867 799 900 ex.

86 929 87 932 ’
128 917 224 977 ladmen,
235 932 274 964 me
283 917 394 974 laborare,
412 925 439 962 ut
449 911 491 962 tibi
505 916 663 979 persuadeam,
675 931 713 964 me
724 925 746 964 et
757 932 799 964 vo-

127 982 198 1031 luisse
215 981 243 1028 de
254 981 295 1029 tub
309 981 435 1040 majestate,
447 979 509 1042 quod
523 981 692 1043 amplissimum
705 981 749 1028 sim
761 997 799 1028 ar-

128 1048 243 1101 bitratust
261 1055 292 1103 et,
303 1044 365 1108 quod
377 1053 402 1091 tu
415 1043 524 1102 maluisti,
533 1043 620 1091 iactum
632 1060 678 1092 esse
691 1045 801 1108 gaudere.

130 1112 198 1171 Vale,
215 1119 238 1158 et
254 1123 296 1158 nos
307 1109 393 1172 dilige3
412 1117 434 1156 et
448 1108 552 1155 instituto
563 1108 642 1156 iduare
656 1109 801 1158 severitatem

77 1221 80 1226 .
130 1175 320 1240 diligentiamque
330 1174 394 1222 sociis
405 1181 427 1222 et
437 1172 568 1236 reipublicae
578 1181 667 1237 praesta.
685 1172 752 1222 Vale.

210 1367 260 1431 (6.)
278 1365 315 1413 Μ.
324 1365 355 1414 Τ.
365 1365 392 1414 0.
410 1365 447 1412 M.
460 1365 595 1416 CATONI
612 1367 672 1415 SeP.
682 1365 715 1414 D.

166 1488 360 1550 (Argumentum.
376 1513 408 1523 -
425 1486 545 1545 Quantam
564 1505 593 1537 ex
611 1487 705 1536 Catonis
721 1491 806 1540 lauda-

133 1553 195 1601 tione
212 1552 353 1614 voluptatem
367 1551 460 1614 ceperit,
477 1568 529 1600 cum
542 1553 615 1617 ipsius
632 1553 700 1600 laude
717 1557 805 1604 eximii

134 1616 244 1680 exponit3
261 1616 372 1678 petitque,
387 1616 406 1662 si
424 1615 499 1664 favere
509 1618 608 1665 noluerit
618 1617 643 1664 in
658 1617 807 1682 adipiscendo

134 1680 261 1743 triumpho,
273 1680 362 1739 saltem,
375 1680 395 1727 si
406 1680 551 1743 adipiscatur,
563 1682 680 1745 gaudeat)

168 1812 186 1839 “
195 1808 275 1857 Laetus
283 1825 335 1856 sum
342 1808 431 1856 laudari
440 1811 504 1867 me,'’
520 1809 596 1873 inquit
605 1810 692 1858 Hector
700 1810 804 1875 (opinor)

135 1874 197 1938 apud
209 1873 327 1932 Navium,
346 1876 411 1921 “ab
423 1883 453 1932 tc,
464 1882 537 1937 pater,
549 1890 563 1920 a
573 1874 666 1921 laudato
676 1876 751 1922 viro.”
768 1877 806 1924 Ea

135 1946 170 1988 est
178 1939 240 1986 enim
251 1939 351 2002 profecto
360 1938 463 2000 jucunda
470 1938 529 1997 laus,
538 1953 594 2049 puae
604 1941 634 1986 ab
644 1938 672 1985 iis
681 1940 807 2002 proficisci.

134 2013 173 2052 tur
183 2003 225 2067 qui
240 2003 285 2066 ipsi
294 2003 319 2050 in
330 2002 398 2050 laude
409 2003 522 2050 vixemnt.

562 2017 591 2065 go
605 2018 665 2056 vcro,
677 2004 716 2051 vel
726 2013 806 2068 gratia
886 2045 887 2050 ,

134 2069 219 2116 latione
237 2067 356 2116 literarum
371 2078 472 2126 tuarum,
488 2067 525 2114 vel
539 2066 674 2114 testimoniis
687 2070 808 2118 sententiar
886 2097 887 2104 κ

135 2132 210 2191 dictae,
221 2131 281 2178 nihil
294 2131 400 2194 estquod
411 2147 448 2178 me
459 2146 505 2178 non
516 2139 644 2178 assecutum
658 2141 748 2194 putem.
766 2135 807 2183 Id.

136 2211 182 2260 que
196 2196 254 2242 mihi
267 2211 322 2242 cum
336 2195 514 2257 amplissimum,
527 2203 577 2242 tum
594 2195 752 2258 gratissimum
763 2209 805 2259 est,

136 2269 159 2308 te
176 2259 273 2307 libenter
291 2258 397 2306 amicitie
414 2259 510 2318 dedisse,
529 2259 697 2324 quodliquido
717 2263 808 2312 veritati

73 2368 76 2372 .
136 2323 208 2370 dares.
225 2323 266 2380 Et,
278 2323 298 2368 si
309 2337 355 2370 nou
371 2323 440 2370 modo
451 2338 539 2380 omnes,
551 2339 631 2371 verum
646 2325 716 2372 etiam
726 2329 807 2387 multi,

137 2387 236 2435 Catones
250 2394 323 2433 essent
339 2387 364 2433 in
380 2385 470 2434 civitate
483 2387 570 2444 nmtrtr,
582 2387 607 2434 in
621 2387 669 2450 qud
679 2404 757 2437 unum
767 2407 809 2442 ex.

137 2450 220 2498 stitisse
237 2449 342 2497 mirabile
353 2458 401 2507 est3
419 2467 487 2514 quem
506 2465 548 2514 egp
562 2467 665 2510 currum,
681 2462 723 2501 aut
735 2469 809 2518 quam

137 2515 249 2572 lauream,
261 2529 315 2561 cum
333 2513 374 2561 tub
384 2515 514 2562 laudatione
529 2515 675 2564 conferrem?
692 2517 768 2579 Nam,
779 2522 810 2569 ad

138 2593 218 2626 meum
229 2593 329 2635 sensum,
341 2586 365 2625 et
374 2579 405 2625 ad
415 2579 474 2626 illud
485 2579 598 2626 sincerum
608 2595 635 2627 ac
645 2581 730 2628 subtile
742 2583 812 2644 judi.

139 2641 210 2702 cium,
231 2640 291 2690 nihil
310 2650 384 2705 potest
403 2652 450 2692 esse
468 2642 614 2702 laudabilius,
634 2659 713 2706 quam.
724 2661 753 2694 ce
771 2658 812 2698 tua
