1820 2944
88 169 106 216 8
198 165 248 216 AD
264 165 442 217 DIVllRSOS.
460 165 648 223 nm.x111.7.

84 293 754 360 Iliegopollln'tustum‚meexintlrninostrlmtede·

82 367 228 424 promtumm
238 359 363 408 mirificum
373 373 446 422 genus
456 359 667 408 sommendstionis.

116 424 146 472 Id
157 439 210 472 oum
221 424 311 487 assequi
322 438 368 472 non
382 437 486 486 possum,
501 430 527 471 tu
541 438 567 470 re
577 423 645 471 velim
658 423 751 485 edidis,

81 496 109 536 ut
123 489 170 548 ille,
185 503 268 552 genere
280 501 385 536 mennam
398 487 517 535 literarum
531 487 666 548 incredibili,
682 488 752 552 quid·

79 551 135 600 dam
196 560 272 600 ectum
283 552 413 600 arbitretur.
431 551 461 598 ld
475 551 553 611 fades,
566 551 586 600 si
600 566 668 600 omne
678 568 751 616 genus

79 615 98 663 li
161 617 167 628 ’
192 617 230 675 tis,
242 616 306 681 quod
322 623 345 663 et
355 617 384 662 ab
394 615 539 663 humanitate
551 623 574 663 et
583 623 694 678 potestate
708 617 751 665 tui

80 679 192 744 proficisci
209 680 300 744 poterit,
317 693 363 727 non
382 678 452 728 modo
470 694 503 738 re,
522 679 563 727 sed
580 679 649 728 etiam
665 681 749 741 verbis,

80 744 148 792 vultu
157 744 264 809 denique,
276 743 442 808 expromreriet
460 759 513 806 qun
527 755 641 806 quantum
658 744 682 792 in
697 760 751 809 pro-

79 808 156 857 vincii
173 810 272 867 valeant,
289 808 372 856 vellem
393 813 500 870 expertus
517 822 583 854 esses.
609 808 655 857 Sed
671 817 750 858 tamen

80 870 207 948 [suspicor]
220 872 297 936 ipsum
313 870 440 930 hominem,
459 883 529 934 quem
546 871 589 918 tibi
603 873 747 933 commendo,

176 952 218 984 um
230 951 279 984 esse
289 934 331 984 tud
338 934 446 982 amicitiai.
465 933 522 981 Non
530 935 614 995 solum,
642 936 681 984 uia
690 937 750 985 mibi

80 999 184 1065 cuspius
194 1000 258 1060 dicit,
272 999 338 1048 credo
349 997 450 1052 (nmeea'
462 996 487 1044 id
501 998 555 1045 saris
568 1013 616 1046 esse
659 1001 747 1060 nebat),

79 1064 251 1178 pieeqlquisdipovi
261 1065 310 1128 ejus
322 1061 436 1125 judicium
447 1061 473 1108 in
487 1060 619 1110 bominibus
632 1071 656 1110 et
667 1064 749 1112 amieis

113 1195 207 1242 Harum
223 1193 342 1242 literarum
359 1192 394 1241 vis
477 1198 502 1238 te
519 1189 597 1251 irretit,
615 1191 748 1255 propediem

76 1258 203 1320 indimb03
220 1258 316 1321 tibique,
333 1264 360 1306 ut
435 1255 574 1332 langueas
588 1271 663 1320 agam.
686 1256 748 1320 Ego,

79 1336 133 1396 quoe
142 1322 238 1380 terelle,
247 1337 345 1396 qqaeque
355 1320 385 1368 ad
396 1329 420 1369 te
429 1329 543 1384 per-tmere
552 1321 687 1380 arbitrnbon
697 1335 749 1369 onr-
835 1349 838 1354 ,

78 1399 119 1432 rua
129 1384 230 1432 ambisse
239 1383 406 1458 diligenterque
414 1387 505 1432 curabo.
524 1383 588 1433 Cura
598 1393 625 1434 ut
633 1386 714 1434 valeas.

110 1447 139 1494 P.
148 1445 276 1506 eumerius,
286 1447 327 1509 qui
333 1447 423 1494 tibrhas
429 1447 506 1494 literas
511 1447 581 1505 dedit,
591 1456 625 1498 eet
634 1449 746 1498 mibisP.

77 1509 167 1574 Cuspio
174 1509 363 1558 commendatuss
381 1511 447 1568 cujus
457 1507 526 1555 musi
535 1519 622 1571 quanto
632 1527 700 1573 opere
707 1529 747 1560 eu.

171 1573 331 1636 deberemque,
342 1571 442 1635 profecto
457 1585 487 1617 ex
501 1585 540 1619 me
555 1572 621 1619 facile
636 1576 746 1635 cognosti.

73 1589 231 1686 ffienter
242 1643 264 1684 te
274 1651 338 1699 rogo,
350 1643 377 1683 ut
387 1649 460 1692 mnes,
469 1642 497 1680 ut
506 1649 536 1681 ex
546 1635 590 1681 hee
600 1637 747 1684 sommenda-

75 1702 139 1750 tione
148 1701 207 1749 milri
218 1699 319 1764 Cuspius
331 1713 403 1763 quern
418 1697 540 1756 maximas,
552 1699 745 1767 quamprimum,

75 1777 147 1831 qrram
158 1765 289 1830 sepissime,
297 1763 382 1828 gratias
392 1769 453 1826 agat
468 1761 537 1809 Vale.

178 1954 232 2022 (ι.)
249 1955 288 2005 rr.
299 1955 331 2005 r.
343 1953 372 2006 c.
390 1956 522 2006 cnuvro
538 1958 563 2008 s.
575 1957 604 2006 r.
616 1956 650 2007 n.

108 2085 303 2151 (Argumentum.
311 2111 344 2124 -
350 2086 413 2135 Petit
431 2101 446 2134 a
465 2084 558 2147 (llario,
576 2101 606 2134 ne
623 2085 744 2150 munidpii

75 2149 180 2199 Atellani
194 2151 309 2216 vectigalis
322 2165 376 2214 ager
389 2149 513 2211 dimdsnu,
526 2151 566 2199 sed
578 2165 671 2199 esuum
685 2150 744 2199 inte·

75 2229 142 2278 gram
153 2213 240 2266 cesari
250 2216 367 2278 reservet.)

108 2341 181 2405 Cum,
191 2343 217 2392 in
228 2344 331 2394 Galliam
340 2309 491 2408 preld-seem,
502 2347 555 2410 (pro
565 2343 642 2393 nostri
648 2344 745 2393 necessi·

75 2407 164 2470 tudine,
175 2406 262 2474 tuique
272 2406 363 2460 summi
372 2409 398 2458 in
408 2425 447 2458 me
456 2407 609 2470 observandi)
616 2410 646 2458 sd
654 2425 693 2457 me
702 2409 746 2457 do-

75 2487 144 2521 mum
154 2474 260 2534 renisum,
271 2477 361 2524 loeutus
372 2489 425 2524 sum
440 2484 517 2524 tecum
530 2474 559 2522 de
575 2489 630 2538 agro
640 2473 746 2538 vectigali
856 2513 859 2517 .

76 2537 197 2616 municipii
211 2539 382 2618 Atellnn'i‚·qui
394 2549 453 2589 estet
468 2540 493 2588 in
504 2537 595 2588 Galliis
612 2546 745 2618 quantoqne

159 2617 209 2666 esur
224 2617 345 2672 mumnpn
359 2602 427 2654 musi
439 2607 576 2668 laborarem,
590 2603 633 2654 tm
648 2603 745 2660 ostenda

74 2617 216 2718 fferam
226 2679 304 2723 antem
314 2670 488 2737 prosectionem,
499 2669 751 2724 ιιιιιιίιιιιιιίιιιιιιιιΙ
