1764 2942
216 115 267 210 „A”
282 115 454 168 micum.
470 119 531 168 lun.
543 118 580 168 ΙΙ.
597 119 635 166 la.
713 119 759 168 lot

88 257 149 292 mm
173 244 304 294 immone
322 245 417 310 quum
435 213 486 308 ai
507 245 691 303 maim-rus
715 245 757 310 qui

88 307 158 356 ιῑίιιιιι
176 309 415 359 oeidtirooltomam
432 311 758 375 irenegatuthicmecum

87 379 146 420 totos
157 372 206 421 dies
220 373 398 437 philosophetur.
414 375 475 424 Ecce
489 391 518 424 ex
528 375 600 423 alteri
609 383 674 439 parte
685 375 757 423 Sebo-

88 437 412 496 mnillessatnlifumiliaria.
429 440 484 499 Quo
498 441 654 488 merentem?
670 439 756 488 Statim

89 501 242 564 (mehercule)
253 501 371 566 Arpinum
381 503 447 562 irem,
458 496 484 550 iri
493 511 516 551 te
524 503 549 550 in
559 503 683 551 Formiano
693 517 757 550 oom-

87 565 224 612 modisoirne
242 565 366 640 exspectari
386 567 495 628 viderem,
518 567 631 615 duntaxat
648 567 678 614 ud
696 565 756 630 prid.

89 627 154 676 Non.
166 629 252 677 Maiae.
258 629 321 677 Vrde
330 630 400 689 enim,
409 631 631 694 quibushominibur
638 646 703 678 auree
710 630 756 679 tint

86 692 172 740 deditae
187 707 250 741 meae.
276 693 425 742 Occasionem
442 695 571 757 mirificam,
591 695 610 743 ai
643 695 670 742 ni
684 707 756 754 nunc,

87 755 146 803 «lum
161 757 187 803 hi
200 757 264 820 apud
277 771 315 806 me
329 766 392 819 sunt,
404 774 478 806 emere
491 760 520 808 de
534 775 573 806 me
587 711 688 806 furlum
699 759 757 806 For·

88 820 197 868 mianum
204 821 265 868 velit.
283 822 317 870 Et
327 830 404 870 tumen
415 823 473 870 illud
483 825 597 886 probem?
615 826 631 852 “
639 823 756 885 Magnum

87 885 145 996 §gd
155 885 324 948 aggrediamur,
336 895 359 934 et
368 887 449 934 multae
459 887 600 950 cogitationis
610 895 679 950 atque
689 886 755 934 oui-'⁹

144 957 224 997 tamen
235 949 328 998 aamfiet
338 951 433 1013 anobis,
444 966 520 1015 neque
529 958 633 1015 parcetur
643 950 723 998 labori.

219 1141 289 1204 (ιι.)
311 1141 439 1194 crunno
454 1143 586 1192 annrco
603 1143 628 1191 a

120 1269 158 1318 Ut
168 1267 256 1330 acribia,
269 1269 303 1319 ita
312 1271 387 1331 rideo,
398 1285 445 1320 non
459 1271 537 1320 minua
551 1271 636 1320 incerta
645 1271 671 1318 iu
681 1285 706 1318 re
713 1285 758 1334 pu-

87 1334 156 1394 blici,
168 1349 240 1397 quam
251 1335 276 1382 in
290 1336 384 1399 epistoli
395 1336 450 1384 tui:
466 1331 756 1399 oedtemenirtoipaame

87 1399 185 1446 venetas
202 1413 333 1448 sermonum
351 1399 532 1464 opinionumque
548 1400 651 1448 delectat.
671 1401 756 1448 Romae

87 1463 151 1510 enirn
167 1462 246 1511 videor
256 1479 312 1523 eoae,
324 1479 376 1512 cum
387 1473 439 1512 tuas
451 1465 527 1512 literas
537 1465 597 1528 lego,
609 1471 632 1511 et
645 1465 684 1528 (ut
694 1464 721 1511 fit
730 1464 756 1510 in

86 1528 159 1574 tanda
172 1526 252 1588 rebus)
268 1527 337 1576 modo
348 1529 400 1588 hoc,
416 1529 484 1576 modo
500 1528 568 1588 illud,
582 1527 667 1576 audire.
691 1528 755 1576 Illud

86 1599 167 1639 tamen
177 1591 291 1655 explicare
300 1607 346 1640 non
356 1609 458 1656 poanrm,
470 1593 581 1656 quidnam
591 1592 693 1641 invenire
702 1608 755 1655 poa·

86 1655 124 1716 ait,
136 1656 203 1703 nullo
213 1665 338 1716 recusante,
350 1657 380 1704 ad
390 1657 522 1706 facultatem
532 1656 652 1720 agruim.
672 1656 755 1704 Bibuli

85 1728 165 1768 autem
175 1720 220 1768 ista
229 1720 364 1784 magnitudo
374 1721 445 1768 animi
452 1721 476 1768 in
483 1721 627 1768 comitiorum
637 1720 754 1780 dilatione,

85 1784 145 1847 quid
154 1783 233 1843 habet,
245 1785 289 1832 nisi
298 1785 369 1848 ipsius
375 1785 497 1847 judicium,
506 1784 611 1832 aineulli.
621 1785 756 1832 correctione

85 1848 238 1912 reipublicae?
255 1849 375 1896 Nimirum
389 1849 414 1896 in
429 1848 514 1897 Publio
528 1864 579 1912 opes
590 1855 636 1896 eati
653 1848 702 1907 fiat,
713 1848 755 1895 fiat

85 1913 195 1960 tribunus
211 1913 298 1976 plebiaa
316 1913 408 1960 ainibil
425 1912 497 1972 aliud,
513 1921 541 1960 ut
557 1927 585 1960 eo
601 1911 667 1960 citina
681 1919 707 1958 tu
725 1926 755 1959 ex

85 1975 161 2040 Epiro
177 1985 303 2026 revertare:
319 1991 384 2035 nam,
400 1985 427 2024 ut
439 1976 480 2023 illo
492 1983 519 2023 tu
533 1991 617 2051 ocreas,
632 1989 678 2022 non
689 1974 756 2048 tideo

85 2038 756 2168 ffiffitiffiliilfflffifffflb

86 2169 260 2230 eritejusmodi,
269 2170 299 2217 sia
306 2169 460 2217 advolamrus.
468 2167 706 2228 Verum,'uthocnon
712 2167 754 2224 sit3

87 2237 177 2293 tamem
186 2247 227 2280 eeu
238 2242 297 2290 ruet,
305 2249 344 2280 seu
355 2233 426 2296 eriget
435 2232 609 2296 rempublicam,
620 2233 756 2294 prociarum

85 2297 245 2408 epectlpoulum
255 2297 314 2344 mihi
323 2312 433 2362 propono,
444 2295 514 2344 modo
524 2304 547 2343 te
554 2310 681 2344 contestare
691 2310 757 2360 epec-

88 2369 138 2408 tare
156 2361 221 2410 'oeat

118 2424 183 2474 Cum
201 2425 252 2473 hec
264 2425 366 2474 maxime
382 2425 512 2484 rcnberem,
528 2441 578 2474 ecoe
593 2425 636 2474 tibi
649 2426 756 2474 Sebosus¹¹

86 2489 203 2543 Nondum
213 2489 282 2552 plane
294 2489 467 2553 ingemuerama
485 2491 561 2541 Salve.
576 2489 653 2563 inquit
662 2489 755 2562 Arriae.
831 2481 852 2520 *ff

88 2553 411 2602 Hocoetllcmldecedere?
428 2553 660 2616 Quooegohomrneo
675 2551 755 2618 erup,

90 2615 331 2666 cumiuhorincidi?
348 2617 464 2680 Egovero
731 2619 732 2624 ’
