1784 2944
186 141 188 146 ·
225 125 279 174 ιι)
295 111 675 176 urvnnsos.n1=.xv.1o.
752 115 782 170 ιι

110 252 167 302 Νοιι
182 254 274 315 dubito,
293 255 350 319 quid
363 264 485 319 presentes
499 255 613 304 serdente
635 267 677 302 nos
689 247 784 315 quidem

108 319 242 383 longinqui,
254 330 278 367 et
292 336 309 367 a
321 321 408 383 teipso
424 320 488 368 missi
503 321 528 367 in
543 319 637 367 ultimos
652 325 739 380 gentes,
755 314 785 362 sd

110 384 194 431 uelum
218 385 360 439 mehercule)
369 393 391 432 te
402 385 504 432 tollimus
514 383 638 432 verissimis
648 397 675 430 ee
683 379 785 442 justissi-

108 447 155 494 mis
165 385 284 496 nudibus
302 450 376 506 Nam,
388 463 442 496 cunr
453 457 476 496 te
486 464 501 496 s
511 448 610 513 pueritia
620 447 661 494 tui
672 446 739 520 unice¹
749 444 785 491 di·

109 511 217 571 luerim,
229 520 304 576 tuque
316 527 354 561 me
367 513 393 560 in
403 513 466 561 omni
477 527 560 575 genere
570 527 659 576 semper
669 511 784 574 amplisu·

108 589 177 623 mum
189 591 238 624 esse
254 586 278 624 et
288 577 386 626 volueris
397 587 420 625 et
432 577 558 639 judicdris;
575 585 626 623 tum
636 575 680 622 hoo
691 575 727 622 vel
742 581 783 621 tuo

108 639 180 700 sacto,
191 641 230 688 vel
240 641 322 704 populi
331 641 432 689 Romani
444 641 474 689 de
484 649 507 689 te
514 641 610 703 judicio,
621 640 697 687 multo
709 639 784 686 smius

110 705 317 768 vehementiusque
327 706 398 769 diligo
408 723 416 753 ι
431 706 581 768 maximique
590 704 671 752 letitie
687 702 781 761 efficior,

108 783 163 815 cum
175 771 206 816 ab
217 769 351 818 hominibus
365 766 554 834 prudentissimis,
568 769 668 832 virisque
679 767 781 831 optimis,

109 833 220 881 omnibus
232 833 308 892 dictis,
322 834 395 893 factu,
411 833 500 893 studiis,
514 833 631 895 institutis,
643 833 680 882 vel
694 847 733 879 me
747 832 783 878 tui

109 897 211 944 similem
222 913 270 946 esse
281 899 358 958 sudio,
370 900 406 946 vel
416 908 440 947 le
449 898 503 946 mei.

142 961 226 1010 Unum
242 977 295 1011 vero
309 964 328 1011 si
341 963 405 1011 eddis
420 964 449 1011 sd
459 962 643 1027 praederissimss
653 977 690 1008 res
700 965 782 1008 oonsu-

108 1025 170 1073 lntirs
184 1027 229 1085 tui,
240 1036 269 1075 ut
282 1037 323 1076 eut
338 1028 397 1075 mihi
412 1027 518 1076 succedat
534 1043 606 1091 quern
622 1025 724 1090 primum
739 1023 782 1071 ui-

108 1089 170 1152 quis‚
190 1099 232 1138 aut
250 1106 280 1139 ne
296 1092 354 1155 quid
371 1092 462 1140 secedet
478 1091 586 1155 temporis
596 1090 626 1138 ed
640 1089 665 1136 id
677 1087 741 1152 quod
755 1095 782 1135 tu

108 1155 168 1202 mihi
183 1163 207 1202 et
222 1158 427 1204 senatus-consulto
444 1165 467 1204 et
481 1156 532 1218 lege
546 1155 635 1210 linistis
653 1152 731 1201 omnis
743 1165 782 1199 me

106 1233 149 1281 per
165 1227 189 1266 te
207 1229 354 1268 consecutum
372 1221 466 1285 putabo.
489 1221 553 1268 Cura
566 1227 594 1267 ut
603 1218 688 1276 valeas,
704 1223 727 1264 et
743 1229 782 1263 me

107 1285 228 1331 absentem
238 1284 321 1347 diligas
332 1294 401 1347 atque
412 1284 527 1333 defendas.

139 1347 203 1406 Quae
213 1348 273 1396 mihi
283 1349 312 1396 de
321 1349 412 1398 Parthis
423 1349 529 1396 nuntiate
540 1357 602 1407 sunt,
614 1347 669 1411 quie
679 1361 726 1394 non
737 1361 782 1409 pu-

105 1413 186 1459 tabam
198 1427 214 1460 a
223 1428 263 1460 me
273 1413 342 1460 etiam
350 1428 412 1462 nunc
421 1413 541 1462 scribendo
547 1427 594 1462 esse
600 1413 701 1476 publice,
711 1407 782 1474 prop-

107 1485 170 1524 terea
179 1491 211 1524 ne
221 1492 263 1540 pro
274 1477 428 1526 familiaritate
442 1477 537 1542 quidem
551 1475 628 1526 nostrl
638 1477 701 1525 volui
714 1475 744 1524 sd
759 1484 782 1523 te

107 1541 223 1597 scribere;
241 1556 280 1598 ne,
291 1557 345 1590 oum
359 1543 390 1590 ad
402 1543 519 1590 consulem
529 1542 675 1607 scripsissem,
687 1539 780 1605 publice

106 1605 197 1653 viderer
208 1606 329 1669 scripsisse.
346 1607 414 1654 Vale

107 1796 177 1860 (10.)
201 1798 239 1846 M.
251 1797 283 1846 Τ.
295 1799 322 1848 C.
346 1800 419 1848 IMP.
436 1801 464 1849 C.
481 1799 684 1860 MARCELLO,
702 1799 732 1847 C.
749 1797 778 1844 F.

269 1863 339 1912 COS.
356 1863 493 1914 DESIGN.
510 1867 536 1914 S.
548 1865 577 1913 P.
591 1864 624 1912 D.

142 1993 379 2055 (Argumentum-
389 1992 544 2042 Commendat
554 1992 653 2041 studiose
664 2005 729 2037 suam
740 2005 781 2036 ex-

110 2057 277 2104 istimationem
293 2057 381 2104 consuli
400 2058 428 2106 C.
445 2057 559 2106 Marcello
574 2057 599 2104 in
615 2053 780 2118 supplicatione

108 2121 274 2181 decernendi.)

141 2249 248 2308 Quando
257 2249 282 2297 id
296 2251 386 2310 oceidit,
398 2252 461 2314 quod
475 2250 534 2299 mihi
548 2250 650 2299 maxime
660 2249 705 2298 fuit
716 2257 780 2314 opta-

107 2323 169 2373 tum,
177 2323 205 2362 ut
211 2310 316 2362 omnium
322 2316 496 2375 Marcellorum,
502 2315 691 2363 Marcellinorum
700 2315 779 2372 etiam,

110 2377 234 2443 (mirificus
251 2379 313 2426 enim
329 2381 418 2442 generis
433 2396 460 2429 ac
476 2380 576 2429 nominis
587 2380 655 2428 vestri
667 2379 712 2426 fuit
726 2393 780 2441 ergo

108 2459 146 2490 rne
156 2457 250 2506 semper
264 2444 366 2504 suimus)
383 2445 475 2508 quando
486 2459 540 2507 ergo
550 2445 583 2492 ito
593 2443 682 2499 accidit,
693 2450 721 2487 ut
731 2456 782 2487 om-

108 2507 177 2554 niurn
188 2509 289 2554 vestrum
300 2509 377 2556 studio
387 2518 441 2556 tuus
449 2509 581 2558 consulatus
592 2506 718 2553 satisfacere
729 2517 782 2563 pos-

109 2579 152 2630 set,
163 2571 189 2618 in
200 2585 272 2634 quem
282 2587 341 2619 mers
352 2587 387 2620 res
398 2581 477 2634 geste,
483 2573 581 2681 huppue
587 2577 610 2616 et
620 2568 692 2614 honos
703 2577 783 2610 earum

58 2653 60 2660 '
109 2635 259 2698 Wliffiimum
269 2634 393 2692 incideret3
410 2643 518 2698 petoate
554 2629 636 2695 ,quod
645 2626 782 2675 facillimum

577 2750 584 2760 J
625 2773 631 2780 ἢ
692 2743 741 2772 ¹4¹

582 2778 585 2787 ι
