1764 2942
128 119 177 171 ist
251 120 302 170 An
317 121 614 174 ATTIcUt1.nra.1t
631 124 672 172 ιι

160 245 318 296 “nmmos
328 249 759 313 praemonstrantium·

128 371 230 420 pergam.
251 355 368 422 Denique,
386 357 405 407 si
420 360 481 408 solus
496 374 543 408 non
559 367 664 422 potuero,
676 373 730 406 eum
746 373 799 407 rus-

127 421 177 468 ticis
191 420 275 482 potius,
291 437 362 485 quam
378 438 432 470 cum
447 423 483 471 his
496 423 644 486 perurbanis3
662 422 696 470 ita
710 435 798 481 tamen,

127 492 162 544 ut,
173 485 283 546 quoniam
298 495 324 534 tu
339 487 394 534 certi
406 487 465 534 nihil
479 487 565 545 scribis,
576 487 602 534 in
617 487 742 535 Formiano
753 487 798 535 tibi

127 549 242 612 praestoler
253 551 366 613 usquead
378 549 421 599 111
432 551 495 599 Non.
508 551 593 600 Maias.

160 612 274 662 Terentiae
284 623 390 678 pergrata
404 623 438 662 est
451 615 571 664 assiduitas
582 623 623 663 tua
638 624 661 662 et
675 614 797 678 diligentia

126 675 151 723 in
165 678 317 726 oontroversis
331 678 461 726 Mulviaut
483 679 565 728 Nescit
577 678 680 738 omnino,
695 685 719 726 te
734 693 798 726 oom-

126 755 221 787 munem
233 757 325 790 causam
335 743 455 790 defendere
466 759 546 791 eorum
557 743 599 806 qui
614 758 680 806 egros
690 742 797 805 publioos

47 837 51 847 .
169 803 262 852 sideant.
280 805 325 854 Sed
335 815 412 854 tamen
423 815 449 854 tn
460 807 548 870 aliquid
558 807 686 870 publicanis
697 807 795 869 pendisr

127 819 176 916 dide
193 868 261 918 etism
279 869 303 916 id
319 879 414 918 recusat.
437 871 475 918 Ea
493 871 628 934 inigitur,
646 879 669 919 et
692 877 795 934 Κιιιρωι,

127 949 372 996 αριστικρατικωτατος
382 951 441 996 παις,
452 935 550 984 salutem
560 935 647 984 dicunt

235 1187 236 1190 ,
257 1139 325 1203 (ιι.)
349 1139 476 1191 monito
492 1138 624 1190 Αιιιοο
637 1141 667 1190 s

161 1267 258 1318 Coenato
268 1269 335 1328 mihi,
349 1270 430 1330 etjam
442 1268 583 1329 dormitanti,
598 1269 657 1332 prid.
672 1269 724 1318 Cal.
736 1267 797 1318 Mat

127 1333 224 1395 epistola
241 1341 274 1380 est
291 1334 332 1380 illa
346 1333 442 1392 redditu,
460 1333 485 1380 in
498 1333 546 1397 qul.
559 1333 588 1381 de
602 1349 657 1396 agro
673 1331 797 1396 Campano

128 1396 215 1444 scribis.
232 1397 298 1456 Quid
312 1397 413 1460 quaeris?
433 1398 539 1445 Primum
553 1397 586 1444 ita
597 1412 636 1444 me
648 1397 758 1461 pupugit,
768 1405 797 1444 ut

129 1473 237 1508 somnum
254 1461 313 1508 mihi
326 1461 453 1518 ademerit3
470 1461 510 1509 sed
521 1461 546 1508 id
562 1461 698 1523 ongitatione
712 1461 797 1524 magis,

127 1538 200 1584 quam
210 1525 321 1572 molestiis.
344 1525 460 1586 Cogitanti
473 1534 551 1573 sutem
564 1525 613 1581 huc
622 1525 670 1572 fere
680 1539 798 1576 moturae·

128 1587 191 1636 bunt
208 1587 324 1645 Primum,
333 1603 362 1635 ex
373 1603 399 1635 eo
409 1589 472 1652 quod
482 1589 635 1652 superioribus
644 1589 717 1637 literis
728 1589 798 1652 scrip·

128 1665 196 1709 seres,
208 1666 238 1698 ex
253 1651 361 1698 familiari
371 1659 394 1698 te
404 1653 467 1701 illius
477 1654 578 1711 audisse,
589 1653 707 1716 prolatum
717 1653 747 1700 iri
756 1653 798 1700 ali·

128 1713 194 1776 quid,
206 1713 269 1825 guod
276 1729 345 1763 nemo
355 1715 508 1779 improbaretg
526 1718 603 1778 majus
612 1717 703 1828 alippid
712 1717 797 1765 timue-

127 1793 193 1826 ram:
227 1792 254 1826 oe
263 1777 322 1826 mihi
332 1780 445 1840 ejusmodi
455 1796 502 1828 non
513 1781 639 1829 videbatur.
681 1781 758 1842 eiusde,
770 1787 797 1828 ut

127 1857 166 1891 me
177 1857 219 1906 ego
232 1843 341 1901 consoler,
357 1845 431 1892 omnis
442 1845 578 1908 exspectatio
588 1845 716 1908 largitionis
731 1860 797 1908 agra·

128 1905 169 1954 riae
178 1907 203 1954 in
213 1923 295 1970 agrum
307 1907 453 1971 Campanum
464 1909 553 1957 videtur
563 1924 611 1956 esse
620 1909 739 1957 dmivata:
757 1907 798 1972 qui

127 1987 191 2033 ager,
210 1981 238 2020 ut
254 1971 313 2020 dens
327 1973 409 2036 jugera
424 1973 477 2033 sint,
495 1987 542 2020 non
557 1973 657 2036 amplius
672 1973 798 2022 hominum

128 2036 231 2100 quinque
241 2036 315 2083 millis
324 2045 399 2100 potest
409 2037 525 2088 sustinere.
543 2037 644 2100 Reliqua
653 2037 731 2086 omnis
737 2037 799 2085 mul-

129 2099 203 2148 titudo
214 2102 243 2148 ab
256 2100 302 2148 illis
317 2101 465 2160 abalienetur,
477 2116 566 2149 necesse
581 2109 630 2157 est3
647 2101 799 2165 praeteregsi

128 2163 177 2210 ulla
187 2180 222 2212 res
237 2173 279 2223 est,
295 2181 347 2227 quae
359 2167 472 2213 bonorum
485 2165 573 2213 animos
589 2166 659 2228 (qnos
669 2166 721 2226 jam
732 2164 798 2214 video

128 2241 177 2273 esse
193 2235 328 2287 commotos)
346 2229 502 2278 vehementius
519 2229 589 2292 possit
605 2229 735 2287 incendere,
748 2230 798 2278 hae

127 2298 187 2336 terte
198 2299 246 2345 est;
258 2300 281 2338 et
292 2307 318 2338 eo
326 2292 408 2353 magis,
417 2292 487 2356 qnod,
495 2293 599 2356 portoriis
608 2293 683 2340 Italiae
691 2293 798 2352 sublatis,

126 2367 182 2412 agro
190 2353 309 2414 Campano
319 2354 400 2413 diviso,
412 2357 474 2418 quod
485 2357 581 2418 vectigal
592 2366 695 2430 superest
705 2358 798 2406 dumea

126 2415 207 2471 ticum,
226 2424 308 2476 praeter
326 2417 474 2466 vicesimam?
497 2436 549 2482 quae
566 2420 625 2470 mihi
639 2419 731 2468 videtur
748 2421 797 2468 unit

126 2478 283 2534 ponouneuls,
292 2479 391 2528 elamore
401 2481 588 2546 pedissequorum
598 2491 739 2542 nostrorum,
749 2499 797 2532 essa

125 2540 232 2614 peritura.
248 2541 433 2608 Cnaeusquidem
441 2554 525 2606 noster,
534 2547 585 2606 jam
600 2547 677 2610 piune,
688 2546 749 2615 quid
759 2562 796 2596 eo·

125 2609 191 2666 pter,
203 2605 293 2653 neseio:
