1764 2942
89 197 98 214 ⁸
196 201 246 256 Al)
263 201 434 256 A'l'TlCUlli.
451 202 570 252 larmlv·
589 203 626 250 16.
700 206 748 252 25⁰

81 340 127 380 tare
142 344 190 378 non
201 329 282 378 audeo.
306 331 366 378 Pom
403 345 431 379 ue
444 330 529 391 fremit,
544 331 655 395 queritur,
668 331 754 380 Scauro

80 394 174 444 ondeta
191 393 241 453 aed,
259 402 338 442 utrum
412 403 444 455 te,
467 410 498 443 an
519 404 605 454 mente,
627 395 753 458 dubitatur.

83 460 156 522 Ειξοχη
175 457 201 504 in
220 458 286 506 nullo
307 467 355 506 eata
381 460 478 522 pecunia
497 460 602 508 onmium
619 459 755 536 dignitatem

82 531 198 585 exaequat.
215 521 316 569 Messala
323 523 433 585 languet3
450 537 497 572 non
508 540 555 587 quo
566 533 607 572 aut
617 537 708 572 ammus
716 523 757 572 de·
861 561 863 570 ,

82 586 120 644 ait,
135 593 179 634 aut
196 586 280 633 amicir
298 587 338 634 aed
355 586 422 634 coitio
436 589 567 648 consulum,
581 597 604 636 et
621 588 756 652 Pompeius,

82 653 177 698 obsunt.
192 651 231 697 Ea
241 649 342 708 eomin'a,
357 660 414 714 puto
424 651 481 706 fore,
493 661 520 700 ut
530 653 650 700 duoantru.
668 653 758 701 'fribu-

83 715 139 764 nieii
149 713 266 762 candidati
274 715 383 774 jurarunt
396 731 420 763 ae
432 716 526 764 arbitrio
537 716 631 764 Catonis
638 717 757 780 petituros.

84 777 161 842 Apud
179 793 234 826 eum
249 777 293 826 HS
311 778 429 842 quingena
445 778 614 842 deposuerunt3
631 789 667 841 ut,
683 781 725 844 qui
743 797 759 830 a

86 841 177 896 Catone
187 842 310 891 damnatus
324 851 391 904 earet,
402 844 427 892 id
440 843 553 908 perderet,
567 854 590 893 et
604 845 758 908 competitori-

86 909 132 956 bus
142 906 289 955 tribueretur.

119 971 181 1018 Haeo
191 985 233 1033 ego
243 970 317 1034 pridie
327 972 462 1032 scribebam,
474 987 544 1038 quam
556 971 703 1022 eomitial'ore
713 989 759 1036 pu·

86 1037 205 1096 tabantur.
226 1035 273 1084 Sed
289 1036 319 1084 ad
340 1043 363 1084 te
377 1037 401 1085 V
412 1038 526 1086 calendae
540 1037 646 1094 Sextiles,
664 1037 684 1084 ai
700 1037 761 1085 facta

87 1108 165 1163 aunt,
184 1108 208 1147 et
228 1100 358 1148 tabellarius
372 1115 420 1148 non
435 1102 478 1149 erit
493 1103 617 1166 profectus,
633 1108 681 1148 tota
698 1115 762 1148 oom-

86 1164 129 1218 itia
143 1163 298 1228 perscribam
315 1180 369 1228 qua
379 1165 408 1222 ai,
424 1174 452 1213 ut
465 1175 585 1229 putantur,
601 1164 701 1228 gratuita
711 1164 762 1212 t'ue·

87 1229 152 1340 rindtie
170 1227 224 1290 plue
234 1242 295 1278 unua
300 1229 360 1278 Cato
370 1230 478 1292 potuerit,
489 1245 562 1294 quam
574 1243 655 1278 omnea
665 1227 760 1292 quidem

87 1309 116 1355 Ju
142 1307 187 1340 oea.
202 1321 206 1329 ·

121 1356 224 1405 Meaa'ua
234 1355 399 1406 defendebatur
412 1357 511 1418 anobis,
523 1375 536 1406 e
546 1359 660 1422 legatione
670 1373 761 1406 revooa·

89 1432 142 1476 tua:
167 1435 223 1468 nam
240 1436 294 1469 eum
314 1421 400 1470 Caaari
417 1423 506 1486 legero
526 1423 629 1487 Appius.
652 1422 762 1471 Serviliae

89 1485 172 1543 edixit,
189 1493 217 1532 ut
230 1485 326 1534 ademet,
348 1486 436 1534 Tribus
452 1487 521 1536 habet
537 1487 680 1548 Pomtinam,
695 1487 763 1535 Veli-

90 1565 155 1608 nam,
168 1549 285 1598 lilaeoiam.
305 1551 426 1614 Pugnatur
436 1552 532 1600 aeriter:
549 1552 626 1615 agitur
637 1561 714 1600 tamen
726 1567 762 1600 ea-

91 1615 128 1668 tis.
145 1613 237 1662 Deinde
248 1629 286 1662 me
301 1615 398 1678 expedio
412 1616 443 1664 ad
457 1616 571 1676 Drusum,
586 1617 640 1664 inde
650 1615 680 1665 ad
691 1618 763 1665 Scau-

91 1693 153 1726 nun.
178 1678 292 1726 Parantur
302 1679 442 1728 orationibus
452 1680 538 1729 indioea
548 1680 647 1744 gloriosi.
671 1681 765 1728 Portae·

93 1759 117 1794 ae
129 1742 238 1790 accedent
254 1742 322 1790 etiam
340 1745 443 1793 consides
460 1744 589 1808 designem
607 1745 632 1791 in
651 1745 735 1807 quibus
746 1745 766 1792 si

94 1808 195 1856 Scaurus
205 1821 253 1854 non
263 1806 341 1868 fuerit,
352 1807 377 1856 in
385 1808 429 1856 hoc
436 1808 524 1869 judicio
535 1809 601 1856 valde
611 1808 730 1856 laborabit.

125 1872 166 1919 Ex
184 1870 267 1931 Quinti
283 1871 359 1919 fratria
375 1872 455 1930 literis,
472 1872 574 1935 suspicor
586 1872 635 1931 jam
651 1887 705 1918 eum
716 1886 765 1920 esea

93 1936 119 1984 in
135 1935 267 1983 Britannii.
284 1937 400 1999 Suspenm
416 1936 493 1982 animo
508 1944 621 1998 exspecto,
633 1933 690 1998 quid
705 1943 766 1998 agat.

60 2009 62 2016 '
94 2000 160 2048 lllud
175 1999 270 2062 quidem
282 2015 363 2048 eumue
377 1999 462 2063 adepti,
477 1999 539 2062 quod
551 1999 632 2045 multis
643 2006 666 2044 et
676 1999 767 2072 magnis

95 2065 186 2118 imircua
197 2079 320 2127 possumus
331 2062 443 2125 judicare,
458 2062 597 2111 macerari
607 2070 630 2109 et
641 2062 768 2112 mnasirnoe
792 2093 794 2100 ,

96 2138 120 2178 et
127 2127 307 2190 jucundissimos
318 2143 373 2176 esse.

128 2193 280 2256 Dionysium,
291 2193 370 2252 velim,
384 2191 470 2240 salvere
482 2193 580 2253 jubeam
597 2200 621 2240 et
635 2207 688 2240 eum
703 2208 769 2258 roges

97 2266 121 2306 et
130 2258 229 2317 hortere,
241 2264 268 2304 ut
278 2257 451 2320 quamprimum
463 2257 547 2318 veniat,
559 2265 586 2305 ut
596 2257 667 2321 possit
678 2257 769 2308 Cicero-

97 2337 152 2374 nem
162 2337 253 2382 meum,
264 2330 334 2385 atque
344 2321 414 2370 etiam
424 2336 462 2370 me
475 2321 561 2386 iprum,
573 2322 670 2372 erudire.

233 2509 302 2576 (ro.)
320 2509 447 2561 cronno
465 2512 596 2561 Arrrco
613 2515 637 2562 s.

105 2619 108 2627 .
132 2643 320 2708 Occupationum
331 2657 435 2690 mearum
442 2642 477 2689 vel
488 2641 532 2687 hoo
542 2640 635 2701 signum
648 2635 698 2691 erit,
709 2631 772 2695 quod

99 2710 196 2774 maula
206 2705 294 2758 librarii
310 2721 381 2754 manu
395 2714 436 2754 est.
454 2705 492 2754 De
505 2702 654 2768 epistolarum
664 2698 771 2759 frequen·
844 2723 845 2726 =

820 2813 871 2880 A
