1784 2944
128 139 173 188 lto
253 136 303 186 AD
319 136 490 186 A'r'rthM.
508 137 568 186 bra.
583 139 604 187 1.
623 138 661 186 ll.

124 268 255 330 superte,
342 264 795 330 nrt.ru1u01ssuuemm;sp0r.-

124 347 198 381 aorem
209 347 239 394 ap
299 339 316 378 t

258 459 328 524 (ιι.)
344 460 473 510 crosno
488 457 619 508 Ammo
636 461 660 510 a

157 587 191 636 Et
206 588 259 636 mel
276 598 357 652 sponte
370 589 482 638 funum
499 597 575 654 anns,
589 596 612 635 et
628 595 689 651 post,
705 588 798 636 duabus

124 653 225 730 ερίεωὶίυ
231 653 277 701 tuis
287 653 448 718 perdiligenter
457 653 482 699 in
490 653 595 700 camdem
602 651 716 702 rationem
724 653 797 717 scrip.

18 729 20 735 ⁴
124 726 162 777 trs,
174 732 312 780 magnopere
322 733 374 766 sum
385 725 519 766 commotus.
536 717 573 764 Eo
583 716 705 764 accedebat
717 717 797 764 borte-

124 791 160 830 tor
170 782 282 842 assiduum
294 782 424 841 Sallustius,
435 791 462 828 ut
472 796 563 844 agerem
578 795 649 844 quam
666 780 797 844 diligentis·

124 846 242 894 simecum
253 845 352 894 Lucceio
362 846 391 894 de
402 845 557 894 vestrisvetcrc
564 844 639 908 gradi
646 845 796 893 reconcilian-

124 911 162 958 dt
180 910 235 969 Sed,
247 925 301 958 cum
308 911 386 958 omnia
395 909 506 965 fecissem,
515 924 561 956 non
572 908 642 956 modo
652 924 704 956 eam
713 910 797 958 volun·

125 983 197 1022 tatem
207 976 267 1036 ejus,
283 989 335 1038 quat
345 975 419 1022 fuerat
429 989 483 1036 erga
498 982 528 1030 te,
542 989 675 1036 recuperare
690 988 739 1021 non
755 991 798 1037 po-

126 1039 169 1098 tui,
181 1054 262 1086 verum
273 1053 302 1087 ne
312 1054 404 1088 causam
415 1038 509 1102 quidem
526 1038 605 1086 elicere
615 1037 747 1086 immutate
757 1055 798 1086 vo·

125 1103 229 1152 luntatis.
253 1102 356 1152 Tametsi
369 1105 443 1166 ‘Jactat
466 1102 505 1150 ille
526 1102 621 1167 quidem
641 1101 702 1149 illud
728 1114 797 1150 tuum

125 1168 255 1229 arbitrium,
267 1176 290 1216 et
299 1183 334 1228 ea,
346 1184 399 1233 quae
407 1168 457 1228 jam
470 1175 529 1226 tum,
547 1181 601 1214 cum
617 1165 706 1224 aderas,
725 1168 798 1216 offen·

126 1232 179 1280 dere
190 1235 239 1294 ejus
250 1233 354 1281 animum
364 1232 534 1294 intelligebam:
551 1239 629 1278 tamen
643 1230 716 1278 habet
730 1232 799 1296 quid·

126 1297 181 1344 dam
192 1297 300 1360 profecto,
311 1297 375 1361 quod
387 1295 461 1359 magia
476 1295 502 1342 in
518 1295 595 1342 animo
613 1295 663 1354 ejus
679 1295 797 1355 insederit,

126 1361 190 1423 quod
200 1376 274 1425 neque
285 1361 385 1424 epistole
395 1369 450 1419 tuse,
458 1375 533 1424 neque
543 1367 620 1407 nostm
629 1357 738 1422 allegatio
749 1368 798 1408 tam

125 1433 200 1487 potest
209 1425 276 1472 facile
285 1425 368 1483 delere,
381 1439 452 1488 quam
463 1433 489 1472 tu
497 1439 604 1486 presens,
611 1437 658 1470 non
669 1424 741 1472 modo
748 1441 798 1472 ora·

126 1489 196 1547 done,
214 1487 253 1535 sed
270 1496 311 1536 tuo
328 1490 394 1537 vultu
411 1489 451 1535 illo
465 1487 582 1546 familiari,
599 1488 674 1545 tolles,
692 1488 798 1538 simodo

126 1551 185 1598 tanti
201 1553 294 1614 putabis
307 1552 341 1611 id,
351 1551 423 1615 quod,
435 1552 454 1600 si
464 1568 502 1600 me
513 1551 599 1612 audies,
616 1562 641 1599 et
656 1551 676 1600 si
689 1551 799 1602 humani-

125 1615 167 1662 cati
178 1624 225 1662 tuae
234 1625 337 1663 constare
347 1616 417 1676 voles,
435 1625 495 1664 certe
508 1616 608 1680 putabis.
631 1617 678 1675 Ac,
697 1631 728 1665 ne
738 1618 797 1666 illud

125 1678 216 1738 mirere,
228 1693 278 1738 cur,
289 1695 342 1727 cum
349 1695 392 1742 ego
402 1689 470 1728 antea
479 1681 631 1743 significarem
639 1680 682 1728 tibi
692 1697 735 1744 per
746 1681 797 1730 lite-

126 1758 171 1801 ras,
182 1757 221 1792 me
238 1759 327 1806 sperare
341 1743 409 1791 illum
419 1745 444 1791 iu
455 1745 534 1792 nostris
543 1752 654 1807 potestate
664 1745 722 1804 fore,
734 1761 797 1793 nunc

126 1806 189 1855 idem
206 1809 284 1856 videar
294 1808 409 1865 diffidere;
426 1808 558 1857 incredibile
575 1817 617 1866 est,
635 1818 725 1872 quanto
739 1809 797 1857 mihi

92 1922 94 1925 ,
126 1871 230 1920 videatur
240 1871 303 1920 illius
313 1872 419 1922 voluntas
429 1872 570 1930 obstinatior,
582 1881 605 1920 et
615 1872 640 1918 in
650 1873 694 1920 hac
706 1873 797 1922 macun-

125 1935 319 1985 diiobflrmatiorr
332 1937 796 1996 sedhaecautsanabuntur,cumvcneria;

125 2012 167 2050 aut
177 2002 198 2050 ei
208 2002 304 2050 molesta
314 2011 390 2059 erum,
401 2001 425 2048 in
437 2009 489 2048 utro
499 2001 568 2064 culpa
578 2001 629 2048 erit.

159 2065 231 2124 Quod
241 2067 266 2113 in
277 2066 372 2129 epistolis
383 2066 423 2112 tuit
433 2065 544 2128 scriptum
558 2074 615 2122 erat,
627 2067 725 2126 mejam
736 2066 797 2116 arbi·

127 2131 183 2177 trun
199 2129 344 2192 designatum
363 2146 425 2186 ctse;
443 2129 507 2188 scito,
527 2129 586 2176 nihil
604 2137 653 2176 tam
670 2131 796 2178 exercitum

127 2209 174 2240 esse
185 2208 246 2241 nunc
258 2194 349 2252 Romae,
361 2209 432 2256 quam
443 2193 582 2251 candidatos,
593 2193 702 2241 omnibus
711 2194 796 2258 iniqui-

125 2256 227 2312 tatibus3
244 2271 295 2312 nec,
306 2257 399 2320 quando
409 2257 488 2304 futura
498 2257 543 2304 sint
554 2257 654 2316 comitia,
665 2257 725 2306 sciri.
749 2261 797 2308 Ve-

125 2333 179 2367 rum
189 2319 238 2365 haec
249 2319 328 2367 audies
336 2320 538 2383 dePhiladclpho.

159 2382 208 2441 Tu,
220 2382 298 2440 velim
309 2399 362 2445 quae
372 2383 506 2432 Academia
516 2393 600 2432 nostrae
609 2384 705 2448 peristi,
714 2403 797 2450 quam-

125 2446 229 2510 primum
245 2445 331 2493 mittas
354 2447 416 2494 Mire
433 2463 504 2510 quem
521 2449 584 2496 illius
602 2450 646 2496 loci
662 2464 709 2497 non
728 2453 797 2500 modo
875 2485 876 2496 2

126 2525 190 2568 ueus,
202 2507 320 2556 sedetiam
332 2510 447 2572 cogitatio,
458 2511 561 2560 delectat
586 2513 669 2562 Libros
682 2529 736 2562 vero
746 2524 797 2564 tuos
875 2515 876 2544 i

86 2627 88 2632 ,
126 2588 180 2623 cave
200 2571 309 2635 cuiquam
330 2573 413 2623 mades.
435 2575 510 2624 Nobis
528 2591 575 2635 cos,
598 2577 796 2640 quemadmodum
