1784 2944
208 139 260 189 An
276 139 448 190 ATTIGUM.
466 139 526 188 Isin.
544 139 583 186 ΙΙ.’
600 140 621 186 l.
703 139 747 186 llil

80 265 191 334 ruilione
201 269 326 328 commoti,
334 267 459 332 sdspirsm
473 283 541 316 nemo
553 282 642 326 sorum,
650 281 751 332 quorum

80 346 122 394 ego
132 347 255 392 concursu,
266 333 368 396 itemque
379 333 481 382 consules
487 333 528 396 qui
538 341 590 396 post
597 346 636 380 me
646 331 749 390 fuerunt,

80 397 249 459 rempublicam
266 397 387 444 defendere
399 398 508 445 solebant.
525 396 592 455 Quid
607 399 680 460 ergo?
696 396 751 444 istos

80 457 181 523 inquies,
200 461 305 508 mercede
322 462 444 509 conductos
457 461 614 511 habebimus?
631 461 697 520 Quid
715 461 751 508 fs·
774 473 787 482 ·

80 523 176 584 ciemus,
189 525 209 572 si
219 525 285 572 aliter
294 537 341 572 non
354 525 491 588 possumus?
506 525 548 572 An
559 525 670 574 libertinis
680 533 751 588 utque

80 588 150 636 etiam
162 589 233 636 servis
244 589 386 638 serviemus?
402 589 450 650 sed,
461 598 521 636 uttu
532 589 575 649 ais,
586 591 637 643 ἃλις
649 589 750 644 nitier.

111 653 232 701 Favonius
252 668 329 700 meum
351 653 438 701 tribum
456 654 511 700 tulit
531 653 655 713 honestius,
678 667 749 727 quem

80 729 165 773 nrum
184 717 278 764 nuoeeii
293 717 399 780 perdidit.
416 717 541 766 Accusavit
557 717 666 765 Nssicsm
683 717 750 765 ruho-

79 790 143 829 naets
154 782 195 846 (sc
204 780 306 829 modeste
316 790 394 830 tomen
404 781 485 842 dixit),
496 782 529 829 its
539 789 566 828 ut
571 781 651 830 nhon
662 780 748 830 videre·

79 853 119 892 tur
137 845 208 894 molis
267 845 311 905 us,
329 862 400 910 quum
421 846 521 906 Moloni,
542 860 636 908 operum
654 845 749 894 detines.

80 909 154 968 Mihi,
173 926 206 974 qu
254 909 412 967 defendissem,
429 909 508 957 leviter
526 909 660 957 succensuit.
678 911 749 957 Nunc

79 983 158 1022 tumen
168 973 229 1038 petit
238 973 322 1021 iterum
331 973 462 1037 reipublice
476 973 552 1020 cousi.
569 973 681 1020 Lucceius
691 975 748 1036 quid

79 1047 141 1100 aget,
165 1037 265 1086 scribam
288 1037 318 1084 sd
338 1046 369 1096 te,
392 1053 446 1085 cum
465 1037 579 1086 Caessrem
601 1036 686 1095 videro,
706 1039 748 1100 qui

78 1101 152 1176 ederit
168 1101 248 1149 biduo.
267 1101 343 1176 'Quod
359 1101 460 1165 Sicyonii
476 1109 499 1148 te
512 1101 609 1176 ludunt,
627 1099 709 1148 Catoni
726 1110 749 1148 et

75 1293 173 1406 fflt,
188 1292 310 1340 laudemus
319 1308 328 1352 ;
344 1292 426 1340 deiude
435 1292 461 1340 in
471 1291 647 1340 dissensionibus
658 1292 701 1340 soli
714 1307 750 1340 re·

125 1373 221 1414 usrnur.

105 1374 333 1470 dmalthcsmeste
349 1428 507 1484 exspectauet
521 1419 609 1483 indiget
625 1420 667 1468 tui.
685 1420 748 1470 Tus-

75 1486 189 1534 culmum
206 1494 230 1533 et
244 1485 413 1550 Pompeianum
426 1485 492 1533 valde
502 1499 540 1532 mc
556 1484 685 1542 delectsnt;
703 1485 748 1534 nisi

75 1551 198 1614 quodmc,
209 1549 747 1614 illumipsum'vindicemaerisulienierenon

77 1614 208 1673 Corinthio,
228 1614 268 1662 scd
285 1615 329 1662 hoc
351 1613 536 1668 circumforaneo,
559 1616 691 1662 obruerunt.
715 1615 747 1662 In

77 1677 157 1726 finnt
175 1693 294 1753 speremus
312 1693 360 1726 esse
378 1678 465 1726 otium·
477 1680 495 1708 ‘⁶
507 1679 671 1740 Prognostics’'
684 1693 746 1736 mes,

76 1743 297 1802 monumentis,
303 1742 436 1806 propediem
442 1743 747 1806 exspectes-cttumemquid

75 1807 163 1870 cogites
180 1805 211 1854 de
227 1807 326 1854 adventu
344 1815 394 1865 tuo,
412 1805 526 1854 scribesd
541 1821 599 1854 noes
616 1821 671 1854 nem
688 1805 748 1854 mihi

76 1870 210 1935 Pomponis
225 1870 327 1918 nuntiari
334 1871 410 1932 jussit,
425 1877 448 1917 te
458 1884 535 1918 mense
545 1870 647 1928 Quintili
664 1869 748 1916 Rome
838 1877 839 1885 ¹

76 1935 132 1983 fore
150 1934 182 1982 Id
196 1951 216 2008 s·
228 1934 274 1982 tuis
290 1934 369 1994 literis,
387 1949 445 1998 quss
461 1933 492 1982 sd
504 1933 588 1981 mede
603 1941 747 1981 sccessutuo

76 1998 357 2116 ffinqquffi
370 2071 393 2111 te
403 2061 446 2110 scri
463 2059 493 2122 si)
504 2060 672 2135 quaesiimus,
688 2075 746 2123 quos

77 2125 147 2175 freter
158 2141 216 2174 suus
226 2126 363 2191 reliquisset,
373 2127 433 2174 mihi
443 2079 543 2174 donavit.
560 2124 614 2172 Hoc
624 2124 686 2172 rllrus
694 2139 747 2171 mu-

77 2203 121 2238 nus
130 2191 157 2238 in
168 2189 210 2238 tui
220 2189 339 2254 diligentis
353 2191 453 2254 positum
462 2198 502 2237 est
519 2189 545 2237 Si
555 2203 593 2236 me
603 2201 674 2248 smss,
692 2204 747 2238 curs

77 2263 104 2302 ut
119 2263 290 2315 munerentur,
308 2263 331 2302 et
348 2255 377 2302 sd
394 2269 432 2302 me
448 2253 597 2317 perferantur.
619 2252 672 2301 Hoc
687 2253 747 2302 mihi

78 2318 396 2382 nihilpotestmsegretiusz
413 2318 747 2379 sucumGraecomunrvero

77 2381 200 2446 diligenter
211 2383 316 2442 letires,
330 2392 358 2430 ut
373 2397 497 2443 conserves,
511 2382 598 2430 velim:
615 2389 683 2429 tuum
699 2397 747 2430 esse

78 2446 121 2495 hoc
131 2447 299 2495 munusculum
326 2449 403 2495 utsbo.

109 2511 153 2559 Ad
164 2509 291 2560 Octavium
306 2464 360 2558 dedi
368 2511 460 2559 literas:
478 2525 532 2558 cum
545 2507 596 2573 ipso
612 2507 671 2556 nihil
685 2521 748 2553 erum

79 2575 186 2624 locutus:
204 2589 279 2638 neque
287 2571 693 2636 enimiststusuegotisproviuuslm
701 2583 752 2619 eisc

113 2641 218 2703 (Epist.)
230 2653 294 2687 vor..
307 2653 339 2686 ιι.
571 2648 589 2680 ιι
