1788 2942
213 151 265 201 Ar>
280 125 454 201 Arr1cur'1ss
471 131 531 199 um.
543 149 602 200 vn.
619 123 652 199 1.·'
714 129 781 200 are

86 291 170 332 neuter
181 297 324 347 quemquam
338 281 444 330 omnium
454 281 526 348 pluris
537 282 619 344 faeere,
630 295 702 346 quem
713 295 760 340 me,

88 348 214 397 videretur.
631 347 634 353 “

123 413 217 472 Verum
234 411 292 476 quid
303 411 390 475 egam?
406 427 452 461 non
471 428 549 477 quaero
566 412 607 461 illu
625 411 717 470 ultima,
733 411 763 466 (si

91 477 156 526 enim
167 477 246 524 eastris
263 492 298 524 ree
315 486 415 540 geretur,
427 477 492 526 video
509 493 562 525 eum
573 478 644 527 altero
656 476 716 526 vinei
727 493 763 524 se-

89 537 138 590 tius
149 557 206 601 esse,
213 556 285 604 quam
294 556 348 588 eum
359 543 430 589 altero
441 542 540 600 vincere)
548 541 643 600 sedille,
651 558 703 606 quae
711 550 762 588 tum

90 613 200 670 agentur,
212 621 265 653 eum
276 621 373 653 venero:
383 621 412 653 ne
422 606 480 654 ratio
488 607 587 653 absentis
597 606 724 664 habeatur3
736 615 764 654 ut

91 669 221 718 exereitum
232 669 339 717 dimittet.
358 675 374 700 ‘⁶
383 669 438 729 Dic,
446 669 582 717 M.Tu11·r”
594 670 660 730 Quid
668 671 763 720 dicam?

88 735 307 798 Exspecta(amabo
315 742 357 794 te),
365 735 422 781 dum
429 736 536 782 Atticum
544 737 694 786 eumenium?
706 734 771 784 Nou'

90 808 126 846 est
136 800 201 848 locus
212 799 242 846 ed
252 799 455 862 tergiversandum.
473 798 697 850 ContraCaesarem?
713 801 763 850 Ubi

88 863 138 910 iilae
155 872 210 912 eunt
227 862 303 912 densae
317 863 431 911 dexterae?
448 879 512 923 nam,
529 873 557 912 ut
573 865 608 912 illi
622 865 665 914 hoe
675 863 771 924 liceret‚‘

87 928 179 990 adjuvi,
192 937 285 990 rogatus
302 929 331 975 ub
345 929 396 992 ipso
412 929 530 978 Ravennae
544 930 573 978 de
583 929 655 978 Coelio
669 929 763 978 tribuno

107 993 173 1040 lebie.
193 993 234 1040 Ab
240 992 291 1056 ipso
297 996 392 1044 autem?
409 994 478 1044 etiem
489 1011 503 1041 e
514 995 584 1042 Cnaeo
595 1001 680 1053 nostro,
688 993 713 1042 in
722 993 763 1040 illo

108 1057 170 1105 ’vino
180 1057 247 1104 tertio
254 1057 381 1107 consulatu.
397 1059 475 1106 Aliter
482 1061 587 1107 sensero?
600 1059 705 1119 αιδεομαι,
715 1073 764 1108 nou

89 1121 234 1186 Pompeium
244 1121 323 1183 modo,
334 1121 375 1172 sed
389 1129 472 1187 Τρωας,
482 1141 517 1169 και
528 1121 647 1187 Τρωαδαςε

107 1238 110 1242 ’
147 1228 294 1290 Πουλυδαμας
303 1246 339 1285 μοι
348 1245 436 1291 erpere:
444 1237 553 1293 ελιγχειην
564 1231 696 1281 nareiacu-

89 1318 173 1380 Quis?
191 1327 217 1365 tu
228 1317 277 1383 ipse
286 1316 378 1376 scilieet,
385 1317 491 1366 laudator
502 1329 524 1366 et
534 1319 647 1366 factorum
658 1326 681 1366 et
691 1317 763 1384 serip7

68 1421 79 1438 Ι
88 1393 171 1431 torum
187 1397 300 1430 meorum.
317 1383 387 1430 Hanc
401 1397 455 1444 ergo
468 1381 561 1445 plagam
572 1382 643 1446 effugi
653 1399 694 1446 per
705 1383 762 1432 duos

88 1448 218 1512 superiores
229 1447 394 1496 Marcellorum
410 1447 549 1505 eonsulatus,
564 1463 618 1496 cum
636 1456 670 1496 eet
684 1457 762 1496 actum

88 1511 120 1560 de
131 1511 249 1575 provincii
265 1511 367 1560 caesaris.
389 1511 414 1558 N
416 1526 461 1559 une
471 1511 546 1559 incido
556 1512 581 1560 in
594 1511 715 1562 discrimen
725 1513 763 1578 ip-

86 1575 151 1625 e'um.
180 1575 272 1645 Itaque,
290 1585 317 1624 ut
334 1575 419 1623 stultu's
435 1576 525 1640 primus
542 1592 608 1626 suam
625 1579 762 1627 sententium

86 1641 160 1701 dieat,
168 1639 228 1689 mihi
238 1641 304 1691 vaide
313 1641 396 1705 placet,
412 1641 440 1689 de
451 1642 569 1705 triumpho
580 1657 622 1690 nos
632 1644 709 1690 moliri
720 1643 765 1696 eii-e

87 1705 163 1770 quid:
182 1713 246 1754 extra
262 1705 351 1753 Urbem
362 1721 410 1753 esse
423 1721 477 1753 eum
487 1707 615 1769 iustissimi
625 1707 700 1758 causi.
715 1707 765 1756 Ta·

87 1785 147 1818 men
157 1770 247 1820 dabunt
257 1785 358 1834 operum,
369 1777 397 1816 ut
407 1770 498 1819 eliciant
507 1773 642 1823 sementiam
653 1788 738 1820 meam.

123 1835 222 1884 Ridebis
240 1834 349 1882 hocloco
369 1834 471 1882 fortasse.
491 1834 571 1893 Quam
590 1835 673 1884 vellem
693 1837 763 1886 etiam

88 1899 189 1948 nuncin
207 1898 324 1963 provincii
339 1898 439 1947 morari!
459 1898 532 1947 Plane
549 1914 607 1962 opus
624 1898 678 1958 fuir,
690 1900 709 1947 si
719 1900 764 1950 hoe

89 1963 254 2028 impendebat3
272 1963 314 2011 etsi
329 1962 363 2010 nil
376 1962 496 2010 misefius:
514 1977 578 2020 nam,
592 1963 636 2009 ὁδου
648 1981 763 2026 παρεργον,

90 2029 145 2076 volo
156 2037 179 2076 te
191 2028 235 2075 hoe
245 2027 316 2085 seire;
329 2025 407 2074 omnia
416 2026 458 2074 ffla
472 2026 556 2090 prime,
568 2043 621 2090 quae
637 2027 707 2075 eiiam
718 2028 765 2076 tuis
795 2037 799 2042 “

89 2092 163 2143 literis
174 2093 199 2140 in
217 2093 300 2140 eoelum
316 2092 413 2150 ferebar,
433 2109 543 2144 ιπιτηκτα
559 2091 660 2139 fuerunt.
683 2091 765 2151 Quam

90 2171 139 2204 non
151 2165 185 2204 est
199 2155 271 2204 facilis
285 2156 375 2204 virtus!
392 2170 464 2220 quam
475 2170 529 2204 vero
539 2153 638 2204 difficilis
648 2157 698 2218 ejus
711 2155 765 2204 diu.

90 2229 162 2268 turne
173 2221 301 2268 simulatio!
315 2220 377 2268 Cum
389 2219 451 2268 enim
459 2220 503 2268 hoe
509 2230 597 2270 rectum
609 2221 765 2284 etgloriosum

90 2293 209 2349 putarem,
221 2301 250 2333 ex
267 2300 345 2333 annuo
360 2293 447 2344 sumtu,
459 2284 501 2348 qui
510 2285 569 2336 mihi
578 2284 682 2336 decretus
698 2295 765 2350 esset,

92 2365 132 2398 me
144 2350 173 2398 C.
187 2349 259 2398 Coelio
270 2349 379 2413 quaeetori
388 2349 517 2413 relinquere
527 2365 640 2406 aunuum,
649 2351 732 2399 referre
740 2351 765 2398 in

91 2415 199 2462 aerarium
210 2414 241 2461 ed
254 2415 297 2463 Hs
310 2415 353 2472 M;
373 2413 487 2476 ingemuit
501 2423 579 2462 nostra
593 2415 681 2475 where,
695 2431 765 2466 omne

91 2479 152 2526 fflud
163 2487 248 2543 putans
263 2478 369 2527 distribui
380 2478 424 2526 sibi
434 2487 554 2542 oportere;
571 2487 598 2526 ui
614 2495 656 2542 ego
671 2479 765 2526 amicior

91 2541 206 2592 invenirer
215 2544 337 2606 Phrygum
348 2552 371 2590 et
383 2540 484 2591 Cilicum
495 2543 587 2601 erariis,
599 2557 670 2608 quem
681 2551 767 2592 nostro.

91 2609 140 2658 Seu
154 2624 194 2657 me
207 2623 255 2656 non
265 2615 402 2658 moveruntr
419 2621 476 2656 nem
488 2616 511 2656 et
526 2623 579 2718 {rea
588 2607 640 2715 lanus
653 2606 717 2670 apud
727 2615 766 2655 me

560 2683 575 2717 f
