1788 2942
230 145 283 195 AD
300 143 473 196 Armenii.
490 141 623 194 Inncvll.
640 145 660 193 l.
683 175 689 225 ι-
729 145 778 202 aar

96 271 127 322 ad
138 273 256 324 Caaarem
267 289 300 334 re,
312 277 412 340 quitum
419 283 467 323 erat
475 259 602 334 Ravenna,
610 273 775 331 contulissentr

98 338 186 399 caer,
205 339 234 387 iis
251 340 355 387 maxime
373 340 513 398 auctoribus,
535 342 629 402 trajecto
645 339 775 397 Rubicone,

101 403 252 478 Ariminum,
263 404 326 467 quod
344 413 393 452 erat
410 413 475 452 extra
485 406 626 468 provinciam
641 404 712 462 illius,
724 419 779 474 cum

101 471 481 596 meinardum?
489 469 716 582 ‘illinitur‘
726 483 779 596 ¹233:

102 596 169 644 'stolae
179 596 274 662 priores,
286 613 302 644 a
312 597 472 662 primitusque
482 597 512 644 ad
523 599 645 655 decimam,
657 613 710 664 quae
720 597 778 644 inci-

102 659 148 723 pit,
167 660 280 710 “Subito
294 661 414 710 consilium
432 661 508 725 cepi,”
524 661 698 720 necationem,
715 661 778 709 solli*

103 724 279 792 citudinemque
291 725 405 774 Ciceronis
419 726 500 786 animi,
521 741 623 790 quonam
635 726 705 772 modo
724 740 778 772 cum

103 787 197 837 Caraare
214 789 372 854 Pompeioque
389 805 413 838 se
430 798 525 853 gereret,
537 803 591 838 cum
609 790 702 854 utrique
720 799 778 838 esset

103 854 203 911 amica,
215 854 313 904 etillum
324 863 421 918 uterque
436 855 483 902 auis
493 863 661 901 annumeraret.
678 854 776 901 Posteri-

102 932 163 977 ores,
172 933 248 980 usque
255 918 285 966 ad
295 919 366 966 linem
376 918 438 975 libri,
450 933 504 966 cum
514 919 590 965 multa
597 919 651 976 alia,
658 927 710 964 tum
721 933 778 982 que-

102 981 178 1030 relam
188 981 218 1030 de
226 982 353 1046 Pompei03
371 991 423 1030 tum
434 981 482 1029 aine
492 983 580 1030 ratione
590 992 654 1046 gesta
669 997 716 1029 esee
727 997 778 1030 om·

103 1046 145 1093 nia
166 1047 197 1094 ab
213 1045 254 1093 illo
272 1057 343 1112 arque
359 1047 423 1110 gerit
441 1046 608 1094 accusationem
627 1045 777 1109 impudentior

104 1109 218 1167 Gaaariar
235 1110 373 1174 legationem
392 1111 421 1158 L.
436 1109 533 1159 Caesaris
550 1111 581 1158 ad
598 1110 737 1173 Pompeium
755 1117 778 1157 et

104 1171 261 1235 conculessc.
272 1173 370 1224 (leuatis
380 1175 486 1222 nomine:
506 1184 529 1223 et
539 1191 592 1239 quar
602 1175 638 1222 illi
646 1174 676 1222 ad
683 1174 732 1221 haec
743 1189 779 1221 re-

147 1239 245 1287 nderint.
263 1239 459 1304 Reliquaprivata
466 1248 527 1287 aunt.
545 1239 640 1304 Scripta
650 1245 779 1314 porrosunt

103 1255 153 1352 iffi
164 1303 194 1351 L.
206 1303 290 1364 Paulo,
303 1301 333 1352 C.
342 1303 462 1364 Marcello,
475 1302 540 1352 Coss.
559 1304 697 1352 llludetram
705 1303 778 1350 scien-

105 1367 173 1428 dum,
185 1368 285 1416 abfuisse
297 1367 432 1418 Ciceronem
444 1384 533 1416 annum
548 1376 571 1416 et
585 1383 675 1416 menses
691 1367 779 1415 circiter

106 1441 166 1481 octo.
195 1432 314 1482 Profectus
339 1441 373 1482 eet
394 1433 457 1481 enim
476 1433 502 1480 iu
523 1433 664 1498 provinciam
682 1432 778 1480 ineunte

104 1497 183 1556 Maio,
195 1497 243 1545 Ser.
255 1498 358 1561 Sulpicio
372 1506 395 1546 et
412 1496 449 1545 Μ.
464 1498 576 1546 Marcello
588 1496 653 1547 Cosa
665 1498 689 1545 in
704 1498 778 1561 eique

106 1570 130 1610 et
145 1562 170 1609 in
181 1561 262 1610 itinere
272 1563 302 1610 h.
315 1563 384 1611 Pauli
397 1569 420 1610 et
431 1561 460 1611 C.
473 1562 579 1610 Marcelli
592 1563 712 1611 consulatu
723 1577 777 1610 cona

105 1634 193 1686 sumto,
207 1627 238 1675 ad
252 1627 342 1677 Urbem
352 1627 406 1688 fuit,
423 1627 482 1691 prid.
498 1628 562 1676 Non.
577 1629 711 1688 lanuarias,
723 1642 777 1676 con-

105 1691 210 1740 sulatum
220 1691 250 1739 la
262 1691 363 1740 Lentulo
374 1701 397 1742 et
408 1689 437 1742 C.
448 1692 562 1742 Marcello
571 1693 711 1742 ineuntibus.

231 1910 239 1928 ,
255 1885 308 1951 (1.)
326 1883 456 1950 crunno
472 1883 601 1935 nmmo
618 1885 643 1932 a
673 1871 677 1877 “

138 2013 258 2063 Dederam
269 2015 377 2080 equidem
391 2014 421 2061 L.
433 2013 525 2064 Saufeio
538 2003 625 2072 limas,
638 2019 661 2060 et
670 2010 779 2060 dederam

102 2079 274 2136 ‘adteunumr
292 2080 424 2154 quodcum
432 2093 480 2127 non
491 2077 669 2140 easettemporis
680 2075 779 2123 mihiad
884 2109 885 2118 ,

107 2143 257 2193 scribendum
268 2152 331 2203 sans,
343 2153 421 2192 tamen
434 2142 553 2192 hominem
563 2142 606 2190 tibi
620 2149 668 2188 tam
679 2140 779 2188 familia-
884 2169 885 2172 =

104 2205 221 2257 rem'aine
233 2207 291 2256 meis
301 2208 372 2256 literis
387 2207 538 2256 adtevenire
547 2206 662 2254 nolebam.
687 2204 741 2263 Sed,
752 2213 780 2252 ut
884 2219 885 2224 ¹

105 2272 241 2338 philosophi
251 2273 380 2333 ambulant,
391 2272 433 2320 has
443 2272 486 2320 tibi
497 2271 612 2320 redditum
623 2271 652 2318 iri
667 2273 780 2334 putabam
884 2267 885 2320 ἐ

107 2337 180 2402 priua.
198 2337 239 2386 Sin
252 2339 303 2398 jam
312 2337 364 2385 illas
378 2337 491 2400 accepisti,
507 2336 558 2396 acie,
573 2352 612 2384 me
626 2337 732 2384 Athenas
740 2351 780 2384 ve-

106 2401 169 2449 nime
178 2401 253 2464 pridie
264 2400 322 2448 idus
332 2401 459 2458 Octobrem
479 2401 559 2450 enavi
568 2401 721 2464 egressumin
738 2399 780 2447 Pi·
884 2417 885 2422 ¹

106 2481 203 2524 raeeum,
215 2473 266 2513 tuas
276 2468 306 2512 ab
314 2465 400 2514 Acasto
411 2474 489 2513 nostro
494 2465 571 2514 literas
581 2466 707 2528 accepiaeer
725 2478 780 2510 con-

106 2533 237 2587 turbatum,
248 2529 312 2592 quod
326 2545 380 2578 cum
394 2529 457 2578 febre
471 2530 574 2578 Romam
588 2529 701 2583 veniaresr
718 2529 780 2574 bono

106 2601 186 2641 tamen
192 2593 271 2641 animo
281 2609 330 2642 esre
339 2593 440 2657 coepisse,
448 2593 512 2657 quod
519 2593 620 2642 Acastus
626 2607 661 2651 ea,
670 2605 723 2654 quar
732 2590 781 2637 vel-

104 2657 162 2717 lem,
173 2657 203 2706 de
213 2657 311 2706 allevato
324 2671 417 2722 corpore
431 2665 473 2706 tuo
490 2656 622 2711 nuntiaretr
640 2654 781 2702 cohorruisse

283 2883 292 2910 h
