1784 2944
118 236 151 284 90
238 229 288 278 AD
305 227 485 277 DIVERSOS.
503 226 563 274 lars.
575 225 632 275 XV.
644 226 668 273 d.

116 360 205 410 inimici
219 375 267 408 esse
284 373 331 406 non
346 357 438 406 audent
456 355 540 420 Itaque
550 355 575 402 in
589 352 737 420 Cappadocia
747 367 789 402 ex·

118 425 201 484 uernis,
213 439 260 470 non
271 423 339 486 longe
350 439 364 470 a
374 421 462 481 Tauro,
474 421 537 484 apud
548 420 660 484 oppidum
671 419 789 482 Cybistra,

119 499 192 539 castra
205 489 256 546 feci,
272 496 299 534 ut
315 497 338 534 et
355 486 460 535 Ciliciam
475 495 558 546 tuerer,
576 493 606 544 et,
619 483 790 547 Cappadociam

118 564 208 612 tenens,
221 567 280 600 nova
290 551 441 598 finitimorum
452 549 546 598 consilia
556 549 709 612 impedirem.-

151 617 250 675 lnterea,
269 616 293 662 in
310 617 354 662 hoc
371 623 435 662 tanto
453 623 527 670 motu,
546 613 656 676 tantisque
672 621 791 676 exspecta-

118 683 180 730 tione
197 680 295 729 maximi
312 680 375 736 belli,
394 695 435 726 rex
450 677 582 738 Deiotarus,
602 677 659 742 (cui,
677 692 724 724 non
741 677 791 725 siue

119 747 197 805 causi,
215 745 344 810 plurimum
355 758 452 806 semper,
467 753 490 791 et
503 757 554 790 meo
568 751 591 789 et
607 752 648 789 tuo
663 749 686 789 ct
699 745 791 790 senatis

116 811 213 873 judicio,
225 809 338 857 tributum
353 806 398 868 est)
417 807 461 867 vir,
472 822 526 855 cum
541 806 699 855 benevolentia
712 814 735 853 et
745 805 792 854 fide

118 892 172 938 erga
179 875 293 938 populum
304 873 439 920 Romanum
451 869 570 934 singulari,
583 881 634 919 tum
647 869 789 934 [praestanti]

118 938 279 1002 magnitudine
287 945 310 984 et
320 936 392 984 animi
401 945 424 983 et
432 935 528 994 consilii,
536 936 622 998 legatos
631 935 661 982 ad
668 949 707 982 me
717 934 790 995 misit,

119 1020 144 1052 se
154 1019 208 1052 cum
219 1002 326 1050 omnibus
337 1001 383 1048 suis
392 999 462 1064 copiis
472 1001 496 1048 in
505 1015 557 1047 mea
567 1008 639 1047 castra
650 1015 698 1046 esse
708 1007 792 1047 ventu-

62 1113 66 1124 ,
118 1084 179 1116 rum
199 1065 273 1129 Cujus
291 1081 333 1129 ego
347 1065 424 1114 studio
435 1065 555 1128 officioque
566 1073 703 1122 commotus,
716 1064 752 1126 egi
769 1063 790 1111 ei

117 1149 161 1197 per
177 1132 254 1181 literas
271 1130 373 1196 gratian
398 1129 468 1193 idque
485 1138 512 1177 ut
532 1136 665 1188 maturaret,
685 1128 791 1178 hortatus

121 1214 181 1246 sum.

152 1263 215 1312 Cum
233 1270 311 1310 autem
326 1259 356 1308 ad
367 1259 482 1324 Cybistra,
494 1267 587 1324 propter
599 1259 712 1308 rationem
724 1259 789 1318 belli,

119 1327 224 1391 quinque
234 1326 282 1374 dies
290 1341 363 1374 essem
373 1333 491 1382 moratus;
508 1339 585 1388 regem
596 1325 788 1384 Ariobarzanem,

116 1392 185 1450 cujus
200 1391 298 1438 salutem
310 1406 325 1437 a
341 1397 429 1448 senatu,
450 1397 472 1436 te
489 1399 589 1449 auctore,
605 1390 790 1452 commendatam

117 1455 240 1513 habebam,
256 1453 405 1516 praesentibus
421 1453 509 1502 insidiis
524 1453 709 1516 nec-opinantem
729 1454 789 1502 libe-

118 1518 182 1566 ravit
199 1532 274 1580 neque
292 1517 368 1564 solum
381 1515 402 1564 ei
418 1518 541 1577 saladini,
555 1517 598 1566 sed
614 1518 684 1566 etiam
701 1517 788 1578 curavi,

117 1591 145 1636 ¹ut
152 1597 207 1629 cum
214 1581 347 1642 auctoritate
357 1591 468 1642 regnaret.
486 1583 597 1641 Metram,
609 1591 632 1630 et
642 1599 705 1643 eum,
716 1598 788 1647 quem

117 1654 143 1694 tu
162 1645 282 1708 diligenter
300 1645 359 1691 milri
373 1647 554 1708 commendatas,
572 1648 723 1706 Athenaeum‚
741 1649 788 1696 im·

116 1711 256 1774 portunitate
277 1708 417 1757 Athenaidis
441 1711 521 1759 exsilio
541 1713 659 1771 multatos,
681 1713 787 1760 maximis

116 1775 180 1838 apud
196 1789 274 1837 regem
291 1774 423 1823 auctoritate
436 1776 556 1840 gratimus
573 1775 686 1824 constitui.
711 1777 786 1825 Cum-

116 1856 162 1903 que
172 1854 285 1902 magnum
299 1839 388 1887 bellum
402 1840 427 1886 in
438 1840 584 1904 Cappadocis
594 1840 753 1900 concitaretur,
764 1842 785 1890 si

116 1903 219 1952 sacerdos
234 1903 304 1952 armis
318 1920 342 1952 se
354 1905 429 1968 (quod
438 1905 541 1952 facturus
558 1907 695 1968 putabatur)
705 1905 785 1954 deien-

116 1969 188 2029 deret,
199 1967 339 2029 adolescens,
356 1978 379 2016 et
389 1970 493 2033 equitatu
504 1978 527 2018 et
536 1969 638 2032 peditatu
650 1978 673 2016 et
687 1971 787 2034 pecuniis

115 2042 218 2098 paratus,
237 2032 272 2095 [et
289 2042 337 2081 toto
351 2033 391 2098 iis]
406 2033 447 2097 qui
463 2034 542 2082 novari
559 2034 647 2098 aliquid
662 2035 786 2100 volebant,

116 2099 210 2162 perfeci,
221 2106 272 2146 ute
288 2113 359 2161 regno
375 2099 415 2146 ille
428 2098 565 2155 discederet;
583 2115 676 2162 rexque,
689 2100 739 2148 sine
749 2109 787 2150 tu-

116 2163 194 2212 multu
205 2179 232 2211 ac
242 2163 291 2210 sine
303 2163 381 2222 armis,
392 2163 456 2210 omni
467 2163 600 2212 auctoritate
610 2165 670 2212 aula
680 2179 788 2214 commu-

116 2227 175 2285 nita,
187 2242 285 2290 regnum
296 2243 350 2275 cum
361 2227 471 2290 dignitate
482 2229 599 2276 obtineret.

150 2289 243 2338 Interea
259 2293 356 2354 cognovi
372 2293 500 2340 multorum
518 2293 589 2340 literis
603 2301 673 2358 atque
690 2297 789 2357 nuntiis,

116 2370 214 2418 magnac
228 2355 368 2404 Parthorum
385 2357 461 2420 copias
473 2366 496 2406 et
511 2359 620 2406 Arabum
634 2358 664 2406 ad
674 2360 790 2424 oppidum

117 2418 268 2468 Antiochiam
285 2422 409 2481 accessisse,
424 2437 583 2485 magnumque
600 2439 680 2472 eorum
699 2425 792 2488 equita·

116 2493 178 2543 tum,
189 2484 231 2546 qui
240 2482 266 2530 in
276 2483 382 2534 Ciliciam
390 2488 515 2546 transisset,
527 2488 557 2534 ab
568 2487 673 2550 equitum
683 2504 792 2540 meorum

115 2547 207 2605 turmis,
223 2556 246 2595 et
256 2564 271 2595 a
284 2549 376 2598 cohorte
389 2551 503 2615 praetorid,
515 2567 568 2614 qua
583 2559 631 2600 erat
646 2553 789 2617 Epiphania

115 2611 216 2676 presidii
226 2611 303 2671 causi,
315 2615 430 2663 occidione
440 2616 547 2663 occisum.
564 2615 715 2675 Quassatam
724 2619 789 2670 vide·

114 2691 174 2735 rem,
191 2692 206 2724 a
221 2675 366 2740 Cappadocii
384 2679 522 2727 Parthorum
540 2678 616 2742 copias
633 2697 723 2730 aversas
740 2699 789 2733 uon

112 2737 182 2804 'ange
199 2755 215 2790 a
231 2739 317 2791 fluibus
333 2759 381 2792 esse
398 2742 493 2803 Cilicia,
510 2757 581 2807 quam
596 2745 661 2808 potui
676 2748 788 2798 maximia
