1784 2944
228 198 289 246 -An
299 196 476 248 nlvunsos.
493 198 553 246 Iria
566 197 624 246 XV.
634 200 658 246 t.
753 201 783 250 91

109 318 232 374 idearum
238 327 269 374 ad
276 327 398 376 Amanum
407 327 531 376 exerninm
538 326 604 375 duxi.
620 326 677 388 Quo
685 335 712 374 ut
720 327 782 388 verri,

108 383 198 438 hostem
209 393 241 439 ab
252 391 380 440 Antiochii
391 393 513 452 recessisse,
524 391 639 440 Bibulum
650 391 784 441 Antiochiae

108 463 164 529 effic,
177 456 292 518 coffiovie
310 456 498 568 Deiotarumqqq
507 455 634 514 confestim,
643 457 693 518 jam
704 457 734 504 ad
745 473 785 506 me

108 527 241 568 venientem
252 536 308 568 eum
318 535 403 583 magno
414 530 437 568 et
500 519 628 584 nequitatu
639 530 662 568 et
669 521 782 586 peditatu,

109 587 131 625 et
141 599 198 632 cum
215 585 327 633 omnibus
338 585 385 634 suia
401 585 480 648 copiis,
492 585 610 634 certiorem
620 585 672 644 feci,
684 601 730 634 non
749 585 784 634 vi-

108 644 156 694 deri
173 664 223 696 esee
241 664 344 706 causam,
364 665 404 698 cur
421 651 509 697 abesset
522 666 538 698 a
551 663 636 712 regrina
653 664 737 714 meque
752 651 783 699 ad

108 724 171 771 eum,
183 712 204 760 si
215 713 275 776 quid
285 713 340 760 novi
349 713 408 762 forte
417 713 542 774 accidisset,
550 712 627 762 atatim
637 713 714 763 literae
720 729 783 764 nnn·

106 776 197 840 tuosque
208 776 337 826 missurum
347 793 402 826 aeae.

138 841 251 905 Cumque
263 857 291 888 eo
300 841 378 890 ardino
384 842 504 900 venissem,
513 850 541 890 ut
550 841 642 906 utrique
649 842 781 906 prouinciae,

106 905 169 954 aiita
180 914 277 968 tempus
286 905 363 965 ferret,
374 907 537 964 subvenirem
554 915 604 954 tum
615 907 649 964 id,
658 907 721 970 quod
730 909 781 968 jam

106 979 159 1045 onte
174 979 303 1018 statueram
316 971 462 1018 vehementer
475 970 582 1018 interesse
596 971 716 1034 utriusque
728 987 782 1035 pro-

106 1035 641 1164 Sittefflrtu‘tibttsseti‘ttttt
649 1035 782 1146 timot?

106 1162 158 1212 dere
169 1166 201 1212 ab
212 1178 240 1210 eo
251 1172 331 1211 monte
341 1163 495 1224 simulissem,
507 1172 531 1212 et
541 1163 597 1210 alias
607 1171 684 1226 partes
694 1162 783 1210 Ciliciae

105 1237 191 1290 petere,
212 1229 363 1302 abessemque
380 1230 410 1276 ab
426 1228 522 1276 Amano
540 1226 583 1274 iter
601 1226 671 1274 uuiua
687 1225 740 1286 diei,
759 1235 782 1275 et

106 1302 179 1342 eastra
200 1291 268 1355 apud
284 1292 442 1356 Epiphaniam
460 1291 579 1348 fecissem
596 1307 617 1338 a.
633 1289 656 1338 d.
674 1303 784 1366 quarem

106 1355 164 1405 Idus
182 1356 306 1413 Octobres,
318 1371 372 1404 cum
387 1357 588 1420 advesperasceret,
601 1353 707 1420 expedito
718 1371 783 1404 exer·

105 1422 152 1470 citu
163 1421 198 1468 ita
208 1429 279 1468 noctu
290 1421 333 1469 iter
348 1421 400 1480 feci,
411 1430 439 1469 ut
454 1438 475 1469 a.
491 1419 514 1468 d
530 1420 623 1468 tertium
637 1419 694 1468 Idus
709 1419 781 1470 Octo·

104 1487 165 1546 brea,
178 1501 234 1534 cum
246 1484 373 1543 lucisceret,
381 1485 406 1532 in
416 1485 539 1532 Amanum
547 1484 723 1540 adaceuderemz
735 1485 782 1534 dis·

105 1551 247 1614 tributisque
257 1549 388 1600 eohortibua
395 1559 418 1597 et
427 1549 528 1608 auxiliia,
537 1565 590 1598 cum
599 1549 649 1597 aliia
661 1549 692 1608 Q.
701 1549 779 1608 freter,

106 1615 206 1678 legatus,
218 1629 312 1661 mecum
323 1614 410 1671 simu13
428 1613 479 1662 aliie
489 1614 517 1661 C.
529 1614 660 1672 Pomtinue,
671 1613 778 1677 legatuar

105 1680 203 1743 reliquis
220 1677 259 1725 Μ.
277 1678 386 1728 Anneius
406 1687 430 1726 et
444 1677 474 1726 L.
489 1678 592 1738 Tullius,
607 1677 685 1742 legati,
699 1693 782 1742 praeea-

105 1753 174 1800 oent;
198 1743 323 1806 plerosque
347 1742 519 1806 nec-opinantes
544 1742 716 1808 oppressimuee
740 1742 782 1806 qui

106 1808 174 1856 oociai
184 1806 295 1870 captique
305 1819 368 1865 aunt,
379 1805 495 1854 interclusi
505 1806 568 1870 fug-2.

138 1872 246 1920 Eranam
261 1877 348 1929 autem,
360 1887 413 1934 qua
424 1871 470 1918 fuit
483 1886 530 1918 non
542 1871 587 1919 vici
599 1871 679 1930 instar,
691 1869 731 1918 sed
741 1885 781 1918 ur·

92 1937 151 1996 'bia
163 1935 229 2000 quod
243 1943 293 1982 erat
309 1935 399 1983 Amani
411 1943 488 1999 caput,
506 1935 607 1998 itemque
618 1937 739 2000 Sepyram,
757 1943 780 1982 et

106 1999 255 2058 Commorin,
271 1999 351 2046 acriter
369 2008 391 2047 et
409 1999 450 2047 diu
466 1999 657 2064 repugnantibna,
674 1997 783 2046 Pomtino

106 2065 172 2112 iilam
183 2071 276 2128 partem
286 2063 376 2112 Amani
386 2072 484 2123 tenente,
494 2079 523 2112 ex
533 2061 668 2111 antelucano
678 2069 725 2108 tem
757 2077 781 2110 re

106 2145 182 2192 usque
200 2127 231 2176 ad
241 2128 323 2175 horam
338 2127 384 2176 diei
394 2127 516 2185 decimam,
528 2126 614 2190 magni
631 2124 726 2174 multitu
743 2126 781 2174 ine

107 2193 213 2241 bostium
232 2192 315 2267 qoeisb,
324 2192 452 2268 cepimus:
478 2192 617 2256 castellaque
638 2207 678 2239 sex
697 2200 779 2256 captae

106 2255 416 2384 m‘iiiiuiibiisoeit‘dungdesdr,
434 2329 507 2370 castra
520 2320 546 2368 in
562 2319 676 2369 radicibus
693 2319 781 2369 Amani

107 2386 237 2440 habuimus
245 2384 309 2450 apud
319 2388 377 2434 Aras
388 2385 516 2434 Alexandri
526 2385 677 2449 quatriduum
688 2402 695 2432 e
714 2393 745 2444 et,
756 2383 782 2431 in

107 2449 214 2515 reliquiis
232 2450 319 2498 Amani
336 2449 446 2511 delendis,
464 2450 570 2513 agrisque
587 2449 712 2508 vastandis,
728 2462 783 2508 quia

107 2531 162 2580 para
173 2515 225 2576 ejus
235 2515 321 2562 montis
330 2530 389 2563 meae
398 2513 521 2578 provincia
537 2521 580 2576 est,
590 2513 615 2560 id
625 2521 718 2574 tempus
731 2523 783 2554 om·

107 2596 138 2629 ne
147 2579 329 2628 consumsimur.
705 2629 728 2642 ..
740 2607 745 2616 ·

142 2643 260 2692 Confectis
269 2643 307 2692 hie
317 2645 394 2702 rebus,
403 2641 433 2690 ad
443 2657 458 2688 o
489 2639 555 2687 idum
566 2631 784 2687 Eleumarocrlrcum

98 2707 276 2761 'Pindenieeiun
295 2706 421 2756 exercitum
473 2657 545 2751 duxi:
568 2698 632 2763 quod
653 2708 707 2742 cum
726 2696 785 2738 Μ
