1764 2942
184 151 235 200 un
251 147 420 200 suricum.
437 151 500 200 un.
512 151 563 200 111.
583 151 620 198 m
691 149 745 216 ses¹

190 278 273 342 ,(ιε.)
292 277 422 330 c1cmto
438 277 570 328 surico
586 279 612 327 s

91 405 651 472 AeoepiImSextquemorepistoltsetemimt
659 420 741 467 unam,

70 473 285 536 quimeobjurges,
293 483 321 520 ut
331 471 483 528 simfirmio13
494 471 598 530 alterum,
607 471 655 548 qui
664 470 742 520 crasi

69 537 178 585 liber-tum
189 537 224 584 eis
235 537 278 584 tibi
287 537 316 585 de
331 537 384 584 mel
399 535 550 585 sollieitudine
560 549 679 598 memeque
688 549 742 582 uer·

68 602 142 656 siesse
156 601 256 660 tertium
268 599 549 664 quidemonstressctsiu
560 608 641 647 senstu
651 615 659 655 ς
671 614 743 664 quer·

67 665 154 712 temde
164 680 201 720 eo,
213 665 276 727 quod
285 680 300 712 s
310 666 414 714 Varrone
424 663 504 712 scribis
511 663 608 712 tibiesee
619 663 741 712 confirme-

67 738 118 778 tum
129 729 161 776 tle
171 729 289 778 voluntate
299 729 412 792 Pompeii.

97 793 143 840 Au
153 793 254 856 primam
265 793 356 841 tibihoe
366 793 455 850 κῆδος
472 791 551 840 meite
560 789 644 851 dolere,
655 800 683 840 ut
692 806 740 840 nou

66 857 160 906 medos
169 865 300 905 mentemn
312 855 453 914 desmrmetl
463 856 573 919 idipsum
580 856 680 916 (lolem,
691 871 739 916 me,

67 931 116 974 tam
127 921 198 968 firmis
210 929 288 969 mente
305 921 346 969 ubi
362 929 422 980 uter,
434 929 458 968 et
468 921 615 983 quibuscum,
633 935 680 968 uon
697 920 740 968 he·

66 987 128 1034 bere.
146 985 221 1046 Nem,
230 985 250 1032 si
261 994 438 1034 tumeuuonon
446 985 742 1047 memoremque

67 1047 492 1112 memqueteetomnibus?
508 1047 740 1106 et‚situinsolumis

68 1129 107 1162 rue
117 1113 217 1177 requiris
224 1130 232 1170 3
244 1129 316 1178 esquo
322 1113 391 1160 modo
401 1129 416 1160 a
425 1127 464 1160 me
474 1112 547 1176 ipsum
558 1111 740 1160 ineolumitstem

68 1177 194 1226 desidmsri
203 1181 290 1241 putes?
307 1177 371 1225 Nolo
381 1191 568 1236 commemorare,
579 1175 663 1240 quibus
672 1169 742 1224 rebus

69 1386 115 1434 que
122 1370 195 1418 unus
205 1321 273 1418 baffi}
282 1385 329 1417 esse
340 1369 455 1433 privatum
466 1383 617 1434 quemquem,
629 1337 704 1432 neqr’te
713 1367 739 1416 in

69 1444 146 1484 nutes
153 1434 256 1482 miserias
267 1433 379 1482 incidisse.

86 1517 88 1522 ¹
100 1499 161 1546 Dies
171 1506 250 1546 eutem
261 1512 308 1546 uon
316 1497 385 1546 modo
393 1511 439 1546 nou
450 1498 511 1547 levet
520 1499 609 1556 luctum
617 1495 688 1555 huuc,
700 1495 741 1546 sed

70 1563 140 1612 suem
159 1571 235 1625 suget.
259 1563 324 1610 Nsm
334 1562 409 1610 ceteri
419 1561 508 1610 dolores
518 1563 653 1626 mitigturtur
664 1569 741 1609 vetus·

69 1632 133 1684 tale3
150 1627 241 1674 hicnon
252 1635 327 1690 potest
337 1639 383 1674 non
394 1635 418 1674 et
429 1641 496 1674 seusu
506 1627 622 1691 presentie
632 1623 740 1684 miserie,

69 1701 92 1739 et
101 1689 258 1739 recordatione
267 1690 387 1754 preterire
397 1691 458 1748 vite,
470 1691 572 1754 quotidie
581 1690 667 1754 sugeri.
691 1689 741 1738 De-

69 1755 145 1804 sideru
156 1754 218 1803 enim
227 1757 275 1802 nori
284 1769 337 1802 mee
347 1755 431 1813 solum,
439 1769 515 1818 neque
525 1771 596 1816 meos,
608 1755 648 1802 sed
655 1769 694 1802 me
704 1755 741 1816 ip·

69 1835 131 1868 sum.
148 1819 215 1879 Quid
226 1819 288 1866 euim
299 1818 368 1866 eum?
380 1817 426 1868 Sed
435 1833 481 1866 non
492 1819 575 1866 seciam
585 1828 611 1866 ut
623 1827 665 1866 aut
672 1826 741 1864 tuum

69 1885 178 1932 animum
189 1898 274 1946 ungam
284 1883 391 1946 querelis,
398 1891 440 1930 eut
449 1882 507 1930 meis
514 1882 648 1930 vulneribus
658 1879 741 1943 sepius
762 1894 765 1898 ·

68 1962 154 1996 munus
164 1947 267 1996 effersrn.
290 1948 363 2007 Nem,
379 1946 442 2009 quod
457 1961 542 2008 purges
559 1961 605 2004 eos,
623 1959 682 2008 quoe
699 1958 742 2006 ego

69 2011 130 2059 mihi
141 2011 222 2074 scripsi
232 2011 347 2069 invidisse,
363 2017 386 2058 et
400 2008 425 2056 in
440 2010 472 2058 eis
489 2009 619 2066 (latorem,
636 2023 679 2070 ego
689 2021 743 2055 vero

68 2084 162 2124 tentum
173 2075 241 2122 illum
249 2084 306 2139 puto
313 2075 393 2122 sbisto
403 2074 484 2121 seelere
491 2073 600 2132 abfuisse,
607 2080 634 2119 ut
640 2071 743 2119 maxime

70 2139 172 2197 doleam,
184 2140 238 2203 plue
248 2139 311 2203 apud
321 2153 360 2186 me
370 2137 540 2186 simulationem
552 2137 660 2195 eliorum,
671 2150 743 2200 quem

70 2205 138 2252 istius
152 2204 232 2264 fidon,
249 2204 354 2252 velumus.
372 2201 463 2261 Caeteri,
479 2217 537 2265 quos
547 2216 641 2264 purges,
658 2199 743 2248 debent

70 2269 130 2318 mihi
140 2269 296 2344 purgetiesse,
308 2267 351 2314 tibi
361 2266 381 2314 ei
392 2274 452 2314 sunt
470 2265 516 2314 Sed
526 2265 575 2313 haee
586 2280 635 2312 sero
643 2264 741 2328 egimus.

70 2332 148 2381 Cressr
157 2333 267 2380 libertum
274 2331 333 2378 nihil
341 2340 398 2394 pute
409 2331 494 2378 sincere
504 2331 615 2377 locutum.

102 2397 134 2446 Iu
145 2405 227 2444 eenetu
235 2411 284 2444 rem
294 2397 365 2459 prebe
375 2394 453 2443 scribis
463 2403 547 2443 ectum.
565 2394 611 2442 Sed
624 2393 681 2457 quid
692 2391 743 2442 Cu·

71 2461 125 2510 rie?
141 2475 173 2508 en
188 2459 253 2507 illem
271 2460 395 2507 orationem
412 2474 458 2507 non
474 2459 551 2524 legit?
568 2473 620 2522 quse
634 2456 697 2504 unde
713 2456 743 2504 eit

70 2526 169 2588 prolate,
180 2524 263 2572 nescio.
279 2523 326 2571 Sed
335 2523 422 2582 Axius,
433 2523 536 2583 ejusdem
547 2521 592 2570 diei
603 2520 702 2570 scribens
712 2517 742 2568 ad

71 2603 109 2636 me
119 2597 179 2646 ecte,
190 2602 237 2634 nun
248 2588 281 2635 ite
288 2585 367 2634 undu
379 2586 512 2636 Curionem.
527 2585 564 2632 At
571 2582 693 2647 potestille
700 2580 743 2626 eli-

69 2651 128 2716 quid
138 2651 326 2716 pretermittere:
344 2659 378 2710 tu,
387 2650 432 2714 ¹uisi
442 2649 505 2712 qued
516 2659 572 2706 erat,
584 2645 685 2709 profecto
695 2655 742 2706 neu
