1788 2942
107 120 156 174 ³3⁰
228 117 280 170 An
295 117 470 170 arricum.
486 118 546 169 lara·
563 114 623 168 VII.
640 119 663 168 1.

112 249 241 316 plurimum
252 247 339 324 valuite
356 263 399 324 nee
405 256 483 299 temen
490 247 620 323 quidquem
629 246 785 323 henorifleein

114 312 712 441 ᾞέἒῖἓῗιωρζῒῒᾷἓῗοῆᾞλη
725 384 791 434 λογον

116 458 164 493 non
182 440 277 489 inutilis.
300 440 340 490 Tu
357 449 435 490 sutem
446 441 476 491 de
489 449 567 490 nostro
582 449 643 488 statu
662 440 790 505 cogitabisr

117 507 230 573 primum,
241 520 289 569 quo
299 505 394 554 artificio
401 514 508 554 tueamur
517 505 702 554 benevolentiam
714 503 791 554 Caess·

119 568 166 626 riez
182 569 265 618 deinde
275 569 304 619 de
314 570 365 634 ipso
375 571 503 634 triumpho,
514 586 585 634 quern
598 569 674 628 video,
690 569 738 617 nisi
750 568 793 617 rei·

119 635 219 701 publice
230 643 333 699 tempore
346 634 481 699 impedient,
498 651 630 696 renupserit.
651 633 740 683 Judieo
755 649 795 682 au·
879 691 880 702 ἵ

120 711 177 758 tem,
186 714 240 748 cum
251 715 281 748 ex
290 699 361 748 literis
367 699 503 759 amicorum,
511 707 563 748 tum
572 714 601 746 ex
612 698 793 762 supplicatione3

137 763 245 827 namqui
255 779 300 812 non
309 763 417 823 decrevit,
443 762 594 820 lusdecrerit,
601 777 675 826 quam
686 763 707 810 si
717 778 797 810 omnes

179 830 235 876 *sset
253 828 390 892 triumphos.
437 827 447 876 i
462 843 531 892 porro
548 841 655 876 assensus
673 835 710 876 est
727 841 797 885 unus,

122 892 242 942 familiaris
247 909 322 952 mern,
332 892 456 952 Favonius,
467 893 525 940 alter
535 891 617 952 iratus,
627 891 723 940 Hirrus·
740 890 797 940 Cato

124 965 236 1006 entemet
250 956 369 1006 scribendo
379 956 454 1016 affuit,
465 955 529 1005 etad
542 955 798 1004 medesententiisui
879 973 880 1004 r

122 1021 301 1083 jucundissimas
308 1022 384 1070 literas
390 1021 460 1069 misit.
477 1020 523 1070 Sed
529 1027 607 1067 tamen
613 1019 798 1084 gratrrlansmihi

125 1087 203 1134 Cesar
213 1085 242 1134 de
254 1085 427 1150 supplicatione,
442 1084 570 1149 triumphat
586 1083 615 1132 de
626 1085 742 1133 sententia
753 1085 796 1134 Ca·

125 1151 200 1199 tonisr
218 1165 260 1198 nec
277 1150 364 1209 scribit,
382 1149 439 1212 quid
455 1149 495 1198 ille
509 1148 627 1197 sententie
645 1149 741 1208 dixerit,
758 1147 799 1198 sed'

126 1223 228 1274 tantum,
239 1229 282 1280 serp
298 1215 428 1264 linconen
437 1229 492 1262 eum
501 1212 561 1262 mihi
571 1228 619 1262 non
627 1212 762 1262 decrevisse.

160 1279 240 1328 Redeo
299 1278 407 1326 Hirrum.
431 1277 537 1342 Coeperas
551 1292 605 1324 eum
618 1277 679 1324 mihi
708 1278 797 1326 lacere:

72 1350 77 1360 '
128 1344 218 1408 perfice.
239 1343 319 1391 Habes
334 1342 445 1401 Scrofam,
457 1341 630 1390 habesSilium.
653 1342 680 1389 A
708 1357 799 1406 eosego

128 1409 198 1456 etism
208 1417 276 1456 antea
286 1407 375 1482 scripsi,
392 1404 415 1454 et
430 1407 460 1454 ad
475 1407 553 1472 ipsum
569 1405 679 1454 Hirrum.
696 1406 800 1455 Locutus

128 1472 191 1520 enim
202 1479 250 1519 eret
260 1487 314 1520 curn
331 1472 359 1520 ris
375 1471 503 1530 commode,
521 1485 546 1518 se
560 1471 662 1534 potuisse
678 1469 800 1534 impedire,

128 1536 168 1584 sed
177 1535 277 1583 noluisse
287 1553 293 1583 =
311 1551 430 1584 assensum
440 1543 518 1583 tamen
530 1550 578 1583 esse
586 1535 679 1596 Catoni,
690 1535 802 1584 amicissi-

129 1615 169 1647 mo
179 1615 247 1656 meo;
265 1613 319 1646 cum
332 1599 615 1648 ishonorifieentissimam
625 1600 650 1648 in
662 1614 702 1648 me
713 1609 803 1648 suten-

130 1665 188 1712 tiam
198 1663 308 1720 dixisset;
326 1679 368 1712 nec
384 1679 423 1712 me
441 1665 472 1712 sd
488 1680 512 1712 se
530 1664 590 1711 ullis
608 1664 687 1712 literas
703 1665 802 1724 misisse,

131 1743 186 1777 cum
196 1727 227 1776 ad
241 1743 320 1776 omnes
331 1728 453 1775 mitterem.
477 1729 568 1778 Verum
582 1728 680 1777 dicebat.
698 1729 803 1778 Adsum

132 1793 195 1842 enim
206 1793 290 1851 solum,
302 1801 325 1840 et
335 1793 365 1840 sd
375 1793 544 1858 Crassipedem,
556 1807 602 1840 non
613 1793 758 1856 scripseram.

164 1858 246 1922 Atque
264 1858 314 1907 haec
330 1857 360 1906 de
376 1859 444 1906 rebus
461 1857 597 1905 forensibus.
619 1857 755 1908 Redeamus
765 1857 804 1907 do·

132 1937 207 1971 mum.
220 1922 360 1986 Disjungere
368 1922 489 1971 meabillo
497 1923 556 1971 volo.
568 1921 648 1970 Mirus
656 1930 692 1970 est
702 1933 805 1986 φῳατης,

133 2003 257 2053 germanus
265 1987 390 2036 Lartidius.

166 2100 234 2140 Αλλα
243 2109 273 2141 τα
281 2095 477 2157 μινπροτιτυχθαι
489 2109 589 2152 eastun,
599 2111 712 2158 αχννμυοι
724 2113 774 2158 περ.

135 2179 190 2228 Reli
206 2196 238 2228 ua
258 2179 415 2244 expediamus.
439 2179 494 2228 Hoc
510 2179 623 2244 primum,
646 2197 695 2244 quo
716 2183 807 2232 acceoeit

134 2256 190 2290 cura
227 2245 271 2292 lori
280 2260 348 2292 meo:
366 2245 405 2292 sed
411 2245 456 2293 hoe
463 2253 540 2294 tamen
550 2244 678 2310 (quidquid
686 2245 732 2308 est)
747 2247 808 2296 Ρη-

135 2307 238 2365 sianum,
249 2323 303 2355 eum
314 2307 342 2355 iis
353 2309 489 2368 rationibus,
501 2325 559 2373 quas
577 2309 618 2356 ille
634 2325 700 2358 mess
716 2319 806 2370 tractat,

135 2368 254 2418 admisceri
265 2371 325 2418 nolo.
347 2372 432 2436 Scripsi
442 2373 472 2420 sd
483 2373 627 2433 Terentiam,
643 2375 725 2439 scripsi
739 2377 807 2424 etiam

134 2433 260 2496 adipsum,
272 2449 319 2492 me,
328 2435 443 2499 quidquid
454 2453 545 2500 possem
551 2453 714 2499 nummorum,
727 2440 758 2488 ad
768 2457 808 2505 sp

133 2506 240 2559 paratum
259 2498 343 2562 sperati
359 2499 472 2565 triumphi
491 2501 521 2550 ed
538 2509 561 2550 te
579 2501 737 2552 redacturum.
763 2506 808 2554 Ista

130 2569 187 2628 puto
198 2579 307 2624 αμεμπτα
315 2561 375 2611 sore:
388 2579 478 2626 verum,
487 2573 514 2614 ut
524 2566 622 2616 lubebit.
639 2565 809 2636 Hancquoque
