1788 2942
230 197 279 248 AD
295 197 462 247 ATTIGUM.
480 197 540 244 Ins.
553 195 625 245 VIII.
645 197 682 245 15.
742 195 789 244 393

122 334 224 385 movent,
237 328 277 389 qui
288 328 333 390 ipsi
344 326 426 389 plumi
437 335 478 374 eut
490 326 547 374 folio
560 325 650 373 facilius
661 331 789 373 moventur.

121 390 200 438 Officii
219 406 257 437 nie
272 391 404 438 deliberatio
420 391 515 449 cruciet,
533 389 687 452 cruciavitque
706 388 789 435 adhue.

122 454 220 503 cautior
230 463 289 501 certe
299 463 333 501 eet
342 455 446 502 mansio:
464 454 578 502 honestior
588 454 731 501 existimetur
743 461 789 499 tra-

117 519 194 580 jectio.
219 517 287 564 Malo
300 518 426 578 interdum,
437 519 506 565 multi
516 533 555 565 me
571 532 617 564 non
632 527 706 575 caute,
718 529 789 581 quam

120 583 189 646 pauci
200 597 246 628 non
254 583 356 642 honeste,
368 583 446 631 secisse
457 582 595 630 existiment.

154 647 193 694 De
210 646 308 711 Lepido}
314 657 338 695 et
352 647 424 694 Tullo
435 647 497 710 quod
508 646 607 709 quaeris;
625 645 659 694 illi
674 661 726 693 vero
743 661 790 693 non

120 711 237 785 dubitent,
249 713 306 775 quin
318 711 402 759 Caessri
411 719 497 776 praesto
507 710 588 771 litun,
605 711 630 757 in
641 719 793 773 senatumque
822 763 823 768 ¹

121 785 213 823 uenturi
223 776 275 824 sint.
380 829 384 838 ·

155 840 321 889 Recentissime
338 851 378 891 tue
388 849 423 889 est
433 840 529 905 epistola
546 840 596 888 cal.
616 839 685 896 ἄικας
701 840 727 886 in
744 839 791 902 qui

122 913 189 968 optas
199 919 354 968 congressum,
366 921 492 971 pacemque
502 919 549 952 non
558 904 668 968 desperas.
684 904 731 951 Sed
740 919 790 966 ego,

122 983 178 1017 cum
192 968 241 1016 haec
258 971 393 1030 scribebam,
408 985 450 1018 nec
464 970 515 1016 illos
526 983 693 1031 congressuros,
710 983 759 1025 nec,
771 969 791 1015 si

122 1033 237 1095 congressi
247 1044 329 1095 essent,
347 1035 486 1098 Pompeium
501 1033 532 1080 ed
548 1033 622 1080 ullam
639 1031 791 1079 uenditionem

124 1113 276 1156 secessurum,
288 1103 408 1162 putabam·

157 1160 229 1219 Quod
244 1162 327 1212 videris
338 1180 384 1212 non
395 1165 508 1223 dubitare,
520 1163 538 1210 si
549 1163 652 1210 consules
667 1169 792 1218 transeant,

124 1226 182 1290 quid
197 1241 239 1274 nos
253 1228 327 1276 fecere
342 1237 459 1292 oporicen
476 1235 536 1276 certe
550 1233 677 1283 transerrnt,
688 1226 734 1282 vel,
745 1239 793 1288 quo

124 1291 194 1338 modo
209 1306 271 1340 nunc
281 1301 323 1350 est,
338 1293 482 1340 senuerunt,
506 1291 552 1339 Sed
570 1298 696 1348 memento,
711 1298 794 1352 preter

125 1355 242 1418 Appium,
257 1357 373 1404 nerninem
392 1372 440 1404 esse
457 1356 513 1415 fere,
531 1355 573 1418 qui
591 1369 637 1402 uon
652 1355 692 1416 jus
710 1353 794 1400 hebeat

126 1420 266 1468 transeundi
283 1420 348 1468 Nam
360 1428 401 1468 eut
412 1436 465 1468 curn
476 1419 573 1494 imperio
581 1427 643 1478 sunt,
651 1425 678 1464 ut
685 1417 795 1481 Pompei-

126 1500 163 1543 us,
180 1493 208 1532 ut
224 1484 309 1548 Scipio,
328 1486 430 1544 Serenae,
446 1485 559 1543 Fanmn,
577 1482 705 1543 Vooonius,
721 1481 798 1530 Sexti-

126 1565 164 1608 us,
174 1548 219 1614 ipsi
229 1550 340 1609 eonsules,
352 1549 437 1612 quibus
452 1564 516 1604 more
532 1549 647 1610 majorum
663 1561 796 1595 eoncessum

107 1621 170 1672 rest,
188 1613 225 1661 vel
250 1629 329 1662 omnes
351 1613 413 1662 edire
431 1613 575 1678 provincies;
592 1621 633 1660 eut
652 1613 722 1676 legati
743 1617 798 1660 sunt

128 1691 215 1724 eorum.
233 1678 279 1727 Sed
289 1678 348 1726 nihil
358 1678 450 1728 dissero.
468 1679 534 1739 Quid
544 1679 633 1743 placeat
643 1677 694 1737 tibi,
705 1675 797 1740 etquid

128 1743 595 1868 pmiiiffleiidllliiffibn.
624 1805 678 1863 ss,
696 1811 723 1850 o
738 1803 798 1850 mn

131 1863 217 1924 videor,
237 1876 315 1929 potero
334 1869 412 1915 biduo.
436 1869 506 1914 Bulbi
517 1867 619 1916 Cornelii
628 1869 746 1914 literarum
759 1881 799 1913 ex-

132 1929 237 1992 emplum
250 1933 318 1992 (quas
332 1931 412 1978 eodem
429 1931 466 1977 die
482 1933 565 1994 accepi,
577 1947 624 1995 quo
634 1939 695 1990 uras)
707 1930 760 1978 misi
770 1929 799 1977 ad
854 1980 857 1984 ,

130 2001 162 2105 ἑο,
179 2002 299 2042 utineam
318 1994 391 2043 vicem
408 1995 504 2055 doleres,
524 2011 577 2042 cum
595 2010 634 2042 me
652 1994 748 2042 derideri
765 1994 799 2042 vi·

147 2074 202 2107 eres·

266 2256 269 2261 ,
285 2194 303 2222 “
312 2193 401 2240 Balbus
414 2191 529 2267 Ciceroni,
546 2192 610 2253 Imp.
627 2192 654 2238 S.

168 2321 186 2348 “
198 2319 301 2370 Obsecro
317 2330 349 2381 te,
361 2322 449 2379 Cicero,
461 2319 550 2383 suscipe
561 2335 639 2368 curem
650 2327 673 2368 et
686 2317 803 2382 cogitatio·

134 2399 189 2432 nem
197 2385 355 2448 dignissimam
364 2397 410 2435 ruae
417 2386 547 2445 virtutIs,ut
553 2383 807 2458 Caesaremetl’ompei·

136 2465 186 2508 um,
203 2449 435 2512 periidib'hominum
452 2450 578 2509 distractos,
593 2464 672 2496 rursus
688 2447 713 2495 in
730 2445 808 2511 pusti-

136 2529 191 2562 nsm
202 2513 346 2562 eoncordiem
356 2517 457 2563 reduces.
474 2515 547 2564 Crede
557 2514 625 2574 mihi,
637 2512 750 2569 Gaesarem
759 2527 807 2560 non

137 2581 212 2627 solum
223 2579 271 2626 fore
281 2578 306 2624 in
316 2579 358 2626 tud
368 2588 487 2642 potestate,
496 2581 535 2628 sed
544 2579 613 2628 etiem
624 2577 756 2625 maximum
766 2577 807 2624 be·

137 2643 245 2691 neficium
253 2651 277 2691 te
287 2643 331 2691 sibi
342 2643 430 2692 dedisse
436 2643 602 2705 judicaturum,
612 2642 685 2691 sihuc
696 2651 718 2689 te
725 2640 806 2704 rejicIs.

139 2707 226 2769 VeIIm,
241 2707 302 2757 idem
321 2709 446 2773 Pompeius
464 2707 546 2766 facien
564 2708 605 2771 qui
623 2717 650 2754 ut
666 2706 749 2756 adduci
766 2704 810 2752 teli
