<?xml version="1.0" encoding="UTF-8"?>
<!DOCTYPE html PUBLIC "-//W3C//DTD XHTML 1.0 Transitional//EN"
    "http://www.w3.org/TR/xhtml1/DTD/xhtml1-transitional.dtd">
<html xmlns="http://www.w3.org/1999/xhtml" xml:lang="en" lang="en">
 <head>
  <title>
</title>
<meta http-equiv="Content-Type" content="text/html;charset=utf-8" />
  <meta name='ocr-system' content='tesseract 3.04.00' />
  <meta name='ocr-capabilities' content='ocr_page ocr_carea ocr_par ocr_line ocrx_word'/>
</head>
<body>
  <div class='ocr_page' id='page_1' title='image "./operaexeditioni01cicegoog_0110.png"; bbox 0 0 1784 2944; ppageno 0'>
   <div class='ocr_carea' id='block_1_1' title="bbox 213 133 767 186">
    <p class='ocr_par' dir='ltr' id='par_1_1' title="bbox 213 133 767 186">
     <span class='ocr_line' id='line_1_1' title="bbox 213 133 767 186; baseline -0.005 -2"><span class='ocrx_word' id='word_1_1' title='bbox 213 134 267 184; x_wconf 76' lang='lat' dir='ltr'><strong>Au</strong></span> <span class='ocrx_word' id='word_1_2' title='bbox 284 133 461 186; x_wconf 80' lang='lat' dir='ltr'>DIVERSOS.</span> <span class='ocrx_word' id='word_1_3' title='bbox 474 135 534 184; x_wconf 78' lang='lat' dir='ltr'><strong>lon.</strong></span> <span class='ocrx_word' id='word_1_4' title='bbox 551 133 609 184; x_wconf 83' lang='lat' dir='ltr'><strong>XV.</strong></span> <span class='ocrx_word' id='word_1_5' title='bbox 626 135 650 182; x_wconf 80' lang='lat' dir='ltr'><strong>t.</strong></span> <span class='ocrx_word' id='word_1_6' title='bbox 735 133 767 181; x_wconf 73' lang='lat'><strong>9³</strong></span> 
     </span>
    </p>
   </div>
   <div class='ocr_carea' id='block_1_2' title="bbox 93 261 856 2194">
    <p class='ocr_par' dir='ltr' id='par_1_2' title="bbox 93 261 856 636">
     <span class='ocr_line' id='line_1_2' title="bbox 95 261 770 328; baseline -0.01 -13"><span class='ocrx_word' id='word_1_7' title='bbox 95 265 351 326; x_wconf 40' lang='lat' dir='ltr'><strong>manubias&amp;</strong></span> <span class='ocrx_word' id='word_1_8' title='bbox 366 265 442 314; x_wconf 84' lang='lat' dir='ltr'><strong>multo</strong></span> <span class='ocrx_word' id='word_1_9' title='bbox 457 263 526 313; x_wconf 83' lang='lat' dir='ltr'><strong>etiem</strong></span> <span class='ocrx_word' id='word_1_10' title='bbox 543 261 664 328; x_wconf 59' lang='lat' dir='ltr'><strong>maginni</strong></span> <span class='ocrx_word' id='word_1_11' title='bbox 730 273 770 308; x_wconf 84' lang='lat' dir='ltr'><strong>me</strong></span> 
     </span>
     <span class='ocr_line' id='line_1_3' title="bbox 94 323 856 394; baseline -0.009 -15"><span class='ocrx_word' id='word_1_12' title='bbox 94 329 206 391; x_wconf 74' lang='lat' dir='ltr'><strong>licuisoet,</strong></span> <span class='ocrx_word' id='word_1_13' title='bbox 223 331 302 378; x_wconf 89' lang='lat' dir='ltr'><strong>subire</strong></span> <span class='ocrx_word' id='word_1_14' title='bbox 318 329 475 394; x_wconf 72' lang='lat' dir='ltr'><strong>peritissimus</strong></span> <span class='ocrx_word' id='word_1_15' title='bbox 487 329 572 386; x_wconf 76' lang='lat' dir='ltr'><strong>fueris3</strong></span> <span class='ocrx_word' id='word_1_16' title='bbox 589 326 652 391; x_wconf 92' lang='lat' dir='ltr'><strong>quod</strong></span> <span class='ocrx_word' id='word_1_17' title='bbox 685 323 770 390; x_wconf 80' lang='lat' dir='ltr'><strong>eoique</strong></span> <span class='ocrx_word' id='word_1_18' title='bbox 847 349 856 362; x_wconf 90' lang='lat'><strong>·</strong></span> 
     </span>
     <span class='ocr_line' id='line_1_4' title="bbox 93 391 769 456; baseline -0.009 -14"><span class='ocrx_word' id='word_1_19' title='bbox 93 393 218 442; x_wconf 83' lang='lat' dir='ltr'><strong>immicum</strong></span> <span class='ocrx_word' id='word_1_20' title='bbox 237 410 328 454; x_wconf 70' lang='lat' dir='ltr'><strong>meum,</strong></span> <span class='ocrx_word' id='word_1_21' title='bbox 347 403 414 442; x_wconf 86' lang='lat' dir='ltr'><strong>tuum</strong></span> <span class='ocrx_word' id='word_1_22' title='bbox 432 393 552 442; x_wconf 87' lang='lat' dir='ltr'><strong>inimicum</strong></span> <span class='ocrx_word' id='word_1_23' title='bbox 573 391 679 456; x_wconf 71' lang='lat' dir='ltr'><strong>pulinis3</strong></span> <span class='ocrx_word' id='word_1_24' title='bbox 702 391 769 452; x_wconf 87' lang='lat' dir='ltr'><strong>cujus</strong></span> 
     </span>
     <span class='ocr_line' id='line_1_5' title="bbox 95 455 767 520; baseline -0.009 -12"><span class='ocrx_word' id='word_1_25' title='bbox 95 459 165 508; x_wconf 79' lang='lat' dir='ltr'><strong>edem</strong></span> <span class='ocrx_word' id='word_1_26' title='bbox 176 459 308 517; x_wconf 84' lang='lat' dir='ltr'><strong>interitum,</strong></span> <span class='ocrx_word' id='word_1_27' title='bbox 321 462 359 516; x_wconf 82' lang='lat' dir='ltr'><strong>(ut</strong></span> <span class='ocrx_word' id='word_1_28' title='bbox 372 459 438 506; x_wconf 78' lang='lat' dir='ltr'><strong>fedle</strong></span> <span class='ocrx_word' id='word_1_29' title='bbox 451 457 611 520; x_wconf 75' lang='lat' dir='ltr'><strong>intelligerem,</strong></span> <span class='ocrx_word' id='word_1_30' title='bbox 622 455 682 504; x_wconf 86' lang='lat' dir='ltr'><strong>mihi</strong></span> <span class='ocrx_word' id='word_1_31' title='bbox 692 468 767 518; x_wconf 83' lang='lat' dir='ltr'><strong>quen·</strong></span> 
     </span>
     <span class='ocr_line' id='line_1_6' title="bbox 94 516 767 636; baseline -0.004 -66"><span class='ocrx_word' id='word_1_32' title='bbox 94 531 145 570; x_wconf 86' lang='lat' dir='ltr'><strong>tum</strong></span> <span class='ocrx_word' id='word_1_33' title='bbox 157 521 285 636; x_wconf 53' lang='grc' dir='ltr'><strong>Ἓέιεια)</strong></span> <span class='ocrx_word' id='word_1_34' title='bbox 296 523 395 572; x_wconf 87' lang='lat' dir='ltr'><strong>Milonis</strong></span> <span class='ocrx_word' id='word_1_35' title='bbox 409 522 478 572; x_wconf 73' lang='lat' dir='ltr'><strong>oeusd</strong></span> <span class='ocrx_word' id='word_1_36' title='bbox 487 522 512 570; x_wconf 88' lang='lat' dir='ltr'><strong>in</strong></span> <span class='ocrx_word' id='word_1_37' title='bbox 527 531 606 570; x_wconf 80' lang='lat' dir='ltr'><strong>senatu</strong></span> <span class='ocrx_word' id='word_1_38' title='bbox 617 516 767 578; x_wconf 69' lang='lat' dir='ltr'><strong>tumemus,</strong></span> 
     </span>
    </p>

    <p class='ocr_par' dir='ltr' id='par_1_3' title="bbox 95 602 772 1214">
     <span class='ocr_line' id='line_1_7' title="bbox 143 604 170 636; baseline 0 0"><span class='ocrx_word' id='word_1_39' title='bbox 143 604 170 636; x_wconf 88' lang='lat' dir='ltr'><strong>ro</strong></span> 
     </span>
     <span class='ocr_line' id='line_1_8' title="bbox 95 602 770 725; baseline -0.007 -25"><span class='ocrx_word' id='word_1_40' title='bbox 95 602 152 700; x_wconf 54' lang='lat' dir='ltr'><strong>md</strong></span> <span class='ocrx_word' id='word_1_41' title='bbox 163 667 204 700; x_wconf 90' lang='lat' dir='ltr'><strong>me</strong></span> <span class='ocrx_word' id='word_1_42' title='bbox 215 660 294 700; x_wconf 83' lang='lat' dir='ltr'><strong>eutem</strong></span> <span class='ocrx_word' id='word_1_43' title='bbox 305 651 355 700; x_wconf 73' lang='lat' dir='ltr'><strong>hec</strong></span> <span class='ocrx_word' id='word_1_44' title='bbox 364 660 418 700; x_wconf 85' lang='lat' dir='ltr'><strong>sunt</strong></span> <span class='ocrx_word' id='word_1_45' title='bbox 429 651 537 716; x_wconf 78' lang='lat' dir='ltr'><strong>profecte,</strong></span> <span class='ocrx_word' id='word_1_46' title='bbox 550 665 602 725; x_wconf 80' lang='lat' dir='ltr'><strong>quie</strong></span> <span class='ocrx_word' id='word_1_47' title='bbox 612 663 655 712; x_wconf 81' lang='lat' dir='ltr'><strong>ego</strong></span> <span class='ocrx_word' id='word_1_48' title='bbox 665 647 690 696; x_wconf 88' lang='lat' dir='ltr'><strong>in</strong></span> <span class='ocrx_word' id='word_1_49' title='bbox 700 649 770 696; x_wconf 85' lang='lat' dir='ltr'><strong>bene·</strong></span> 
     </span>
     <span class='ocr_line' id='line_1_9' title="bbox 95 713 770 780; baseline -0.007 -16"><span class='ocrx_word' id='word_1_50' title='bbox 95 714 142 764; x_wconf 84' lang='lat' dir='ltr'><strong>ficii</strong></span> <span class='ocrx_word' id='word_1_51' title='bbox 157 717 211 764; x_wconf 88' lang='lat' dir='ltr'><strong>loco</strong></span> <span class='ocrx_word' id='word_1_52' title='bbox 222 730 270 764; x_wconf 89' lang='lat' dir='ltr'><strong>uon</strong></span> <span class='ocrx_word' id='word_1_53' title='bbox 286 731 357 780; x_wconf 90' lang='lat' dir='ltr'><strong>pono,</strong></span> <span class='ocrx_word' id='word_1_54' title='bbox 368 715 408 764; x_wconf 91' lang='lat' dir='ltr'><strong>sed</strong></span> <span class='ocrx_word' id='word_1_55' title='bbox 418 717 443 764; x_wconf 89' lang='lat' dir='ltr'><strong>in</strong></span> <span class='ocrx_word' id='word_1_56' title='bbox 458 716 505 764; x_wconf 90' lang='lat' dir='ltr'><strong>veri</strong></span> <span class='ocrx_word' id='word_1_57' title='bbox 516 713 640 764; x_wconf 77' lang='lat' dir='ltr'><strong>testimonii</strong></span> <span class='ocrx_word' id='word_1_58' title='bbox 650 720 719 776; x_wconf 86' lang='lat' dir='ltr'><strong>etque</strong></span> <span class='ocrx_word' id='word_1_59' title='bbox 731 713 770 773; x_wconf 81' lang='lat' dir='ltr'><strong>ju-</strong></span> 
     </span>
     <span class='ocr_line' id='line_1_10' title="bbox 96 777 770 844; baseline -0.009 -14"><span class='ocrx_word' id='word_1_60' title='bbox 96 780 169 837; x_wconf 79' lang='lat' dir='ltr'><strong>dicii;</strong></span> <span class='ocrx_word' id='word_1_61' title='bbox 187 789 216 833; x_wconf 81' lang='lat' dir='ltr'><strong>ut</strong></span> <span class='ocrx_word' id='word_1_62' title='bbox 233 780 430 844; x_wconf 66' lang='lat' dir='ltr'><strong>prestantissimae</strong></span> <span class='ocrx_word' id='word_1_63' title='bbox 444 789 496 828; x_wconf 82' lang='lat' dir='ltr'><strong>tuns</strong></span> <span class='ocrx_word' id='word_1_64' title='bbox 513 780 607 828; x_wconf 85' lang='lat' dir='ltr'><strong>virtutes</strong></span> <span class='ocrx_word' id='word_1_65' title='bbox 623 793 669 826; x_wconf 91' lang='lat' dir='ltr'><strong>non</strong></span> <span class='ocrx_word' id='word_1_66' title='bbox 688 777 770 826; x_wconf 72' lang='lat' dir='ltr'><strong>tacitus</strong></span> 
     </span>
     <span class='ocr_line' id='line_1_11' title="bbox 95 841 772 909; baseline -0.007 -16"><span class='ocrx_word' id='word_1_67' title='bbox 95 844 234 903; x_wconf 76' lang='lat' dir='ltr'><strong>udinirnrer,</strong></span> <span class='ocrx_word' id='word_1_68' title='bbox 246 844 310 909; x_wconf 84' lang='lat' dir='ltr'><strong>(quis</strong></span> <span class='ocrx_word' id='word_1_69' title='bbox 320 845 381 892; x_wconf 89' lang='lat' dir='ltr'><strong>enim</strong></span> <span class='ocrx_word' id='word_1_70' title='bbox 396 844 458 892; x_wconf 67' lang='lat' dir='ltr'><strong>idn</strong></span> <span class='ocrx_word' id='word_1_71' title='bbox 470 859 516 892; x_wconf 89' lang='lat' dir='ltr'><strong>non</strong></span> <span class='ocrx_word' id='word_1_72' title='bbox 530 843 585 892; x_wconf 75' lang='lat' dir='ltr'><strong>facit</strong></span> <span class='ocrx_word' id='word_1_73' title='bbox 594 845 617 902; x_wconf 79' lang='lat' dir='ltr'><strong>i)</strong></span> <span class='ocrx_word' id='word_1_74' title='bbox 633 841 673 890; x_wconf 86' lang='lat' dir='ltr'><strong>sed</strong></span> <span class='ocrx_word' id='word_1_75' title='bbox 683 841 708 888; x_wconf 88' lang='lat' dir='ltr'><strong>in</strong></span> <span class='ocrx_word' id='word_1_76' title='bbox 720 855 772 888; x_wconf 89' lang='lat' dir='ltr'><strong>om·</strong></span> 
     </span>
     <span class='ocr_line' id='line_1_12' title="bbox 96 905 771 969; baseline -0.004 -13"><span class='ocrx_word' id='word_1_77' title='bbox 96 909 167 958; x_wconf 89' lang='lat' dir='ltr'><strong>nibus</strong></span> <span class='ocrx_word' id='word_1_78' title='bbox 178 908 330 968; x_wconf 70' lang='lat' dir='ltr'><strong>orationibus,</strong></span> <span class='ocrx_word' id='word_1_79' title='bbox 339 909 455 957; x_wconf 78' lang='lat' dir='ltr'><strong>sententiis</strong></span> <span class='ocrx_word' id='word_1_80' title='bbox 463 909 572 968; x_wconf 74' lang='lat' dir='ltr'><strong>dicendis,</strong></span> <span class='ocrx_word' id='word_1_81' title='bbox 583 907 657 956; x_wconf 82' lang='lat' dir='ltr'><strong>censis</strong></span> <span class='ocrx_word' id='word_1_82' title='bbox 667 905 771 969; x_wconf 74' lang='lat' dir='ltr'><strong>egmdie,</strong></span> 
     </span>
     <span class='ocr_line' id='line_1_13' title="bbox 96 969 771 1037; baseline -0.007 -15"><span class='ocrx_word' id='word_1_83' title='bbox 96 973 209 1022; x_wconf 87' lang='lat' dir='ltr'><strong>omuibus</strong></span> <span class='ocrx_word' id='word_1_84' title='bbox 227 973 325 1037; x_wconf 80' lang='lat' dir='ltr'><strong>scriptis,</strong></span> <span class='ocrx_word' id='word_1_85' title='bbox 347 973 442 1034; x_wconf 81' lang='lat' dir='ltr'><strong>Greds,</strong></span> <span class='ocrx_word' id='word_1_86' title='bbox 464 973 563 1032; x_wconf 74' lang='lat' dir='ltr'><strong>Imdnis,</strong></span> <span class='ocrx_word' id='word_1_87' title='bbox 585 971 650 1018; x_wconf 88' lang='lat' dir='ltr'><strong>omni</strong></span> <span class='ocrx_word' id='word_1_88' title='bbox 670 969 771 1032; x_wconf 83' lang='lat' dir='ltr'><strong>denique</strong></span> 
     </span>
     <span class='ocr_line' id='line_1_14' title="bbox 96 1033 772 1107; baseline -0.007 -20"><span class='ocrx_word' id='word_1_89' title='bbox 96 1037 208 1086; x_wconf 70' lang='lat' dir='ltr'><strong>vadente</strong></span> <span class='ocrx_word' id='word_1_90' title='bbox 226 1037 344 1086; x_wconf 80' lang='lat' dir='ltr'><strong>literarum</strong></span> <span class='ocrx_word' id='word_1_91' title='bbox 358 1053 472 1097; x_wconf 78' lang='lat' dir='ltr'><strong>meorum,</strong></span> <span class='ocrx_word' id='word_1_92' title='bbox 487 1048 511 1084; x_wconf 80' lang='lat' dir='ltr'><strong>te</strong></span> <span class='ocrx_word' id='word_1_93' title='bbox 527 1052 573 1084; x_wconf 91' lang='lat' dir='ltr'><strong>non</strong></span> <span class='ocrx_word' id='word_1_94' title='bbox 589 1035 659 1083; x_wconf 87' lang='lat' dir='ltr'><strong>modo</strong></span> <span class='ocrx_word' id='word_1_95' title='bbox 671 1033 700 1081; x_wconf 84' lang='lat' dir='ltr'><strong>iis</strong></span> <span class='ocrx_word' id='word_1_96' title='bbox 713 1048 772 1107; x_wconf 85' lang='lat' dir='ltr'><strong>quoe</strong></span> 
     </span>
     <span class='ocr_line' id='line_1_15' title="bbox 97 1097 772 1167; baseline -0.006 -17"><span class='ocrx_word' id='word_1_97' title='bbox 97 1101 245 1161; x_wconf 76' lang='lat' dir='ltr'><strong>vidissemus,</strong></span> <span class='ocrx_word' id='word_1_98' title='bbox 257 1101 297 1152; x_wconf 88' lang='lat' dir='ltr'><strong>sed</strong></span> <span class='ocrx_word' id='word_1_99' title='bbox 310 1101 338 1150; x_wconf 83' lang='lat' dir='ltr'><strong>iis</strong></span> <span class='ocrx_word' id='word_1_100' title='bbox 354 1102 383 1152; x_wconf 93' lang='lat' dir='ltr'><strong>de</strong></span> <span class='ocrx_word' id='word_1_101' title='bbox 396 1103 482 1167; x_wconf 86' lang='lat' dir='ltr'><strong>quibus</strong></span> <span class='ocrx_word' id='word_1_102' title='bbox 498 1100 651 1158; x_wconf 74' lang='lat' dir='ltr'><strong>audissemus,</strong></span> <span class='ocrx_word' id='word_1_103' title='bbox 664 1097 772 1146; x_wconf 75' lang='lat' dir='ltr'><strong>omnibus</strong></span> 
     </span>
     <span class='ocr_line' id='line_1_16' title="bbox 97 1165 245 1214; baseline 0.014 -2"><span class='ocrx_word' id='word_1_104' title='bbox 97 1165 245 1214; x_wconf 72' lang='lat' dir='ltr'><strong>mutarem.</strong></span> 
     </span>
    </p>

    <p class='ocr_par' dir='ltr' id='par_1_4' title="bbox 100 1223 776 2001">
     <span class='ocr_line' id='line_1_17' title="bbox 130 1223 775 1293; baseline -0.016 -9"><span class='ocrx_word' id='word_1_105' title='bbox 130 1230 232 1288; x_wconf 63' lang='lat' dir='ltr'><strong>Quaeres</strong></span> <span class='ocrx_word' id='word_1_106' title='bbox 249 1230 352 1290; x_wconf 67' lang='lat' dir='ltr'><strong>fortasse,</strong></span> <span class='ocrx_word' id='word_1_107' title='bbox 385 1230 427 1278; x_wconf 87' lang='lat' dir='ltr'><strong>uid</strong></span> <span class='ocrx_word' id='word_1_108' title='bbox 444 1230 481 1290; x_wconf 82' lang='lat' dir='ltr'><strong>sit,</strong></span> <span class='ocrx_word' id='word_1_109' title='bbox 499 1227 562 1293; x_wconf 93' lang='lat' dir='ltr'><strong>quod</strong></span> <span class='ocrx_word' id='word_1_110' title='bbox 580 1243 623 1291; x_wconf 79' lang='lat' dir='ltr'><strong>ego</strong></span> <span class='ocrx_word' id='word_1_111' title='bbox 638 1227 683 1274; x_wconf 88' lang='lat' dir='ltr'><strong>hoc</strong></span> <span class='ocrx_word' id='word_1_112' title='bbox 699 1223 775 1274; x_wconf 82' lang='lat' dir='ltr'><strong>nescio</strong></span> 
     </span>
     <span class='ocr_line' id='line_1_18' title="bbox 116 1290 773 1370; baseline -0.005 -30"><span class='ocrx_word' id='word_1_113' title='bbox 116 1293 158 1341; x_wconf 90' lang='lat' dir='ltr'><strong>uid</strong></span> <span class='ocrx_word' id='word_1_114' title='bbox 168 1294 329 1370; x_wconf 74' lang='lat' dir='ltr'><strong>grstulstionis</strong></span> <span class='ocrx_word' id='word_1_115' title='bbox 340 1303 363 1344; x_wconf 89' lang='lat' dir='ltr'><strong>et</strong></span> <span class='ocrx_word' id='word_1_116' title='bbox 403 1294 464 1343; x_wconf 89' lang='lat' dir='ltr'><strong>noris</strong></span> <span class='ocrx_word' id='word_1_117' title='bbox 472 1310 487 1342; x_wconf 83' lang='lat' dir='ltr'><strong>u</strong></span> <span class='ocrx_word' id='word_1_118' title='bbox 496 1301 576 1342; x_wconf 72' lang='lat' dir='ltr'><strong>senatu</strong></span> <span class='ocrx_word' id='word_1_119' title='bbox 585 1291 644 1340; x_wconf 79' lang='lat' dir='ltr'><strong>tenti</strong></span> <span class='ocrx_word' id='word_1_120' title='bbox 654 1290 773 1365; x_wconf 75' lang='lat' dir='ltr'><strong>estimem.</strong></span> 
     </span>
     <span class='ocr_line' id='line_1_19' title="bbox 100 1354 776 1497; baseline -0.004 -26"><span class='ocrx_word' id='word_1_121' title='bbox 100 1359 516 1497; x_wconf 28' lang='lat' dir='ltr'><strong>officm‘lffenoedffmnffii</strong></span> <span class='ocrx_word' id='word_1_122' title='bbox 526 1354 776 1484; x_wconf 57' lang='lat' dir='ltr'><strong>lld‘ddsslldi</strong></span> 
     </span>
     <span class='ocr_line' id='line_1_20' title="bbox 100 1485 773 1551; baseline -0.004 -17"><span class='ocrx_word' id='word_1_123' title='bbox 100 1487 270 1536; x_wconf 76' lang='lat' dir='ltr'><strong>necessitudine</strong></span> <span class='ocrx_word' id='word_1_124' title='bbox 287 1488 357 1536; x_wconf 78' lang='lat' dir='ltr'><strong>edun</strong></span> <span class='ocrx_word' id='word_1_125' title='bbox 372 1487 474 1551; x_wconf 75' lang='lat' dir='ltr'><strong>paterni.</strong></span> <span class='ocrx_word' id='word_1_126' title='bbox 490 1487 516 1536; x_wconf 88' lang='lat' dir='ltr'><strong>Si</strong></span> <span class='ocrx_word' id='word_1_127' title='bbox 530 1486 653 1550; x_wconf 78' lang='lat' dir='ltr'><strong>quisquam</strong></span> <span class='ocrx_word' id='word_1_128' title='bbox 667 1485 713 1532; x_wconf 79' lang='lat' dir='ltr'><strong>fuit</strong></span> <span class='ocrx_word' id='word_1_129' title='bbox 728 1497 773 1532; x_wconf 89' lang='lat' dir='ltr'><strong>un-</strong></span> 
     </span>
     <span class='ocr_line' id='line_1_21' title="bbox 100 1545 773 1615; baseline -0.003 -15"><span class='ocrx_word' id='word_1_130' title='bbox 100 1566 174 1615; x_wconf 75' lang='lat' dir='ltr'><strong>quam</strong></span> <span class='ocrx_word' id='word_1_131' title='bbox 192 1561 295 1600; x_wconf 75' lang='lat' dir='ltr'><strong>renone</strong></span> <span class='ocrx_word' id='word_1_132' title='bbox 310 1545 438 1612; x_wconf 60' lang='lat' dir='ltr'><strong>enatus,</strong></span> <span class='ocrx_word' id='word_1_133' title='bbox 454 1560 478 1600; x_wconf 84' lang='lat' dir='ltr'><strong>et</strong></span> <span class='ocrx_word' id='word_1_134' title='bbox 492 1551 566 1615; x_wconf 71' lang='lat' dir='ltr'><strong>magis</strong></span> <span class='ocrx_word' id='word_1_135' title='bbox 580 1550 648 1600; x_wconf 73' lang='lat' dir='ltr'><strong>etism</strong></span> <span class='ocrx_word' id='word_1_136' title='bbox 664 1547 773 1605; x_wconf 76' lang='lat' dir='ltr'><strong>(etmihi</strong></span> 
     </span>
     <span class='ocr_line' id='line_1_22' title="bbox 100 1613 774 1680; baseline -0.001 -18"><span class='ocrx_word' id='word_1_137' title='bbox 100 1615 199 1679; x_wconf 90' lang='lat' dir='ltr'><strong>quidem</strong></span> <span class='ocrx_word' id='word_1_138' title='bbox 217 1617 301 1665; x_wconf 84' lang='lat' dir='ltr'><strong>sentire</strong></span> <span class='ocrx_word' id='word_1_139' title='bbox 319 1616 407 1676; x_wconf 82' lang='lat' dir='ltr'><strong>videor)</strong></span> <span class='ocrx_word' id='word_1_140' title='bbox 424 1617 512 1664; x_wconf 78' lang='lat' dir='ltr'><strong>ratione</strong></span> <span class='ocrx_word' id='word_1_141' title='bbox 528 1625 597 1680; x_wconf 81' lang='lat' dir='ltr'><strong>etque</strong></span> <span class='ocrx_word' id='word_1_142' title='bbox 614 1613 725 1674; x_wconf 81' lang='lat' dir='ltr'><strong>doctrind,</strong></span> <span class='ocrx_word' id='word_1_143' title='bbox 743 1614 774 1662; x_wconf 81' lang='lat' dir='ltr'><strong>eb</strong></span> 
     </span>
     <span class='ocr_line' id='line_1_23' title="bbox 100 1676 774 1744; baseline -0.006 -16"><span class='ocrx_word' id='word_1_144' title='bbox 100 1679 166 1728; x_wconf 85' lang='lat' dir='ltr'><strong>iueni</strong></span> <span class='ocrx_word' id='word_1_145' title='bbox 184 1681 264 1741; x_wconf 75' lang='lat' dir='ltr'><strong>leude,</strong></span> <span class='ocrx_word' id='word_1_146' title='bbox 284 1691 308 1730; x_wconf 80' lang='lat' dir='ltr'><strong>et</strong></span> <span class='ocrx_word' id='word_1_147' title='bbox 328 1679 470 1730; x_wconf 86' lang='lat' dir='ltr'><strong>sermonibus</strong></span> <span class='ocrx_word' id='word_1_148' title='bbox 487 1680 560 1744; x_wconf 79' lang='lat' dir='ltr'><strong>vulgi,</strong></span> <span class='ocrx_word' id='word_1_149' title='bbox 578 1695 621 1743; x_wconf 78' lang='lat' dir='ltr'><strong>ego</strong></span> <span class='ocrx_word' id='word_1_150' title='bbox 636 1676 774 1744; x_wconf 84' lang='lat' dir='ltr'><strong>profectois</strong></span> 
     </span>
     <span class='ocr_line' id='line_1_24' title="bbox 100 1741 773 1807; baseline -0.009 -13"><span class='ocrx_word' id='word_1_151' title='bbox 100 1759 163 1794; x_wconf 76' lang='lat' dir='ltr'><strong>suus·</strong></span> <span class='ocrx_word' id='word_1_152' title='bbox 181 1745 261 1794; x_wconf 83' lang='lat' dir='ltr'><strong>Testis</strong></span> <span class='ocrx_word' id='word_1_153' title='bbox 275 1754 311 1794; x_wconf 79' lang='lat' dir='ltr'><strong>est</strong></span> <span class='ocrx_word' id='word_1_154' title='bbox 325 1746 457 1794; x_wconf 73' lang='lat' dir='ltr'><strong>consulatus</strong></span> <span class='ocrx_word' id='word_1_155' title='bbox 466 1760 546 1800; x_wconf 59' lang='lat' dir='ltr'><strong>meum</strong></span> <span class='ocrx_word' id='word_1_156' title='bbox 564 1744 588 1790; x_wconf 88' lang='lat' dir='ltr'><strong>in</strong></span> <span class='ocrx_word' id='word_1_157' title='bbox 603 1760 659 1807; x_wconf 88' lang='lat' dir='ltr'><strong>quo,</strong></span> <span class='ocrx_word' id='word_1_158' title='bbox 674 1743 735 1791; x_wconf 87' lang='lat' dir='ltr'><strong>sicut</strong></span> <span class='ocrx_word' id='word_1_159' title='bbox 748 1741 773 1788; x_wconf 90' lang='lat' dir='ltr'><strong>in</strong></span> 
     </span>
     <span class='ocr_line' id='line_1_25' title="bbox 100 1805 775 1880; baseline -0.003 -24"><span class='ocrx_word' id='word_1_160' title='bbox 100 1808 193 1872; x_wconf 74' lang='lat' dir='ltr'><strong>reliqui</strong></span> <span class='ocrx_word' id='word_1_161' title='bbox 204 1809 261 1868; x_wconf 73' lang='lat' dir='ltr'><strong>viss,</strong></span> <span class='ocrx_word' id='word_1_162' title='bbox 273 1808 353 1868; x_wconf 76' lang='lat' dir='ltr'><strong>fateor,</strong></span> <span class='ocrx_word' id='word_1_163' title='bbox 362 1825 390 1857; x_wconf 88' lang='lat' dir='ltr'><strong>ee</strong></span> <span class='ocrx_word' id='word_1_164' title='bbox 399 1825 438 1857; x_wconf 90' lang='lat' dir='ltr'><strong>me</strong></span> <span class='ocrx_word' id='word_1_165' title='bbox 448 1809 547 1858; x_wconf 82' lang='lat' dir='ltr'><strong>studiose</strong></span> <span class='ocrx_word' id='word_1_166' title='bbox 556 1817 670 1865; x_wconf 80' lang='lat' dir='ltr'><strong>secutum,</strong></span> <span class='ocrx_word' id='word_1_167' title='bbox 682 1822 711 1854; x_wconf 81' lang='lat' dir='ltr'><strong>ex</strong></span> <span class='ocrx_word' id='word_1_168' title='bbox 722 1805 775 1880; x_wconf 90' lang='lat' dir='ltr'><strong>qui·</strong></span> 
     </span>
     <span class='ocr_line' id='line_1_26' title="bbox 100 1871 775 1937; baseline -0.003 -17"><span class='ocrx_word' id='word_1_169' title='bbox 100 1874 146 1920; x_wconf 86' lang='lat' dir='ltr'><strong>bus</strong></span> <span class='ocrx_word' id='word_1_170' title='bbox 158 1888 213 1922; x_wconf 83' lang='lat' dir='ltr'><strong>vers</strong></span> <span class='ocrx_word' id='word_1_171' title='bbox 222 1873 296 1936; x_wconf 71' lang='lat' dir='ltr'><strong>glorie</strong></span> <span class='ocrx_word' id='word_1_172' title='bbox 306 1873 369 1922; x_wconf 79' lang='lat' dir='ltr'><strong>nesci</strong></span> <span class='ocrx_word' id='word_1_173' title='bbox 379 1881 470 1937; x_wconf 58' lang='lat' dir='ltr'><strong>possm</strong></span> <span class='ocrx_word' id='word_1_174' title='bbox 487 1873 562 1937; x_wconf 78' lang='lat' dir='ltr'><strong>ipsam</strong></span> <span class='ocrx_word' id='word_1_175' title='bbox 572 1871 667 1936; x_wconf 87' lang='lat' dir='ltr'><strong>quidem</strong></span> <span class='ocrx_word' id='word_1_176' title='bbox 676 1871 775 1934; x_wconf 78' lang='lat' dir='ltr'><strong>giorum</strong></span> 
     </span>
     <span class='ocr_line' id='line_1_27' title="bbox 100 1937 572 2001; baseline -0.002 -16"><span class='ocrx_word' id='word_1_177' title='bbox 100 1952 143 2001; x_wconf 87' lang='lat' dir='ltr'><strong>per</strong></span> <span class='ocrx_word' id='word_1_178' title='bbox 155 1953 180 1985; x_wconf 91' lang='lat' dir='ltr'><strong>se</strong></span> <span class='ocrx_word' id='word_1_179' title='bbox 190 1952 313 2001; x_wconf 74' lang='lat' dir='ltr'><strong>nunquam</strong></span> <span class='ocrx_word' id='word_1_180' title='bbox 323 1939 403 2001; x_wconf 81' lang='lat' dir='ltr'><strong>putavi</strong></span> <span class='ocrx_word' id='word_1_181' title='bbox 414 1937 572 2001; x_wconf 73' lang='lat' dir='ltr'><strong>expetendam.</strong></span> 
     </span>
    </p>

    <p class='ocr_par' dir='ltr' id='par_1_5' title="bbox 100 1997 776 2194">
     <span class='ocr_line' id='line_1_28' title="bbox 134 1997 776 2065; baseline -0.003 -17"><span class='ocrx_word' id='word_1_182' title='bbox 134 2001 221 2065; x_wconf 80' lang='lat' dir='ltr'><strong>Iteque</strong></span> <span class='ocrx_word' id='word_1_183' title='bbox 238 2012 262 2050; x_wconf 87' lang='lat' dir='ltr'><strong>et</strong></span> <span class='ocrx_word' id='word_1_184' title='bbox 276 2002 418 2065; x_wconf 71' lang='lat' dir='ltr'><strong>provinciam</strong></span> <span class='ocrx_word' id='word_1_185' title='bbox 432 2009 547 2058; x_wconf 76' lang='lat' dir='ltr'><strong>ornatam,</strong></span> <span class='ocrx_word' id='word_1_186' title='bbox 563 2009 587 2048; x_wconf 90' lang='lat' dir='ltr'><strong>et</strong></span> <span class='ocrx_word' id='word_1_187' title='bbox 624 2013 661 2047; x_wconf 86' lang='lat' dir='ltr'><strong>em</strong></span> <span class='ocrx_word' id='word_1_188' title='bbox 674 2012 721 2047; x_wconf 91' lang='lat' dir='ltr'><strong>non</strong></span> <span class='ocrx_word' id='word_1_189' title='bbox 731 1997 776 2046; x_wconf 91' lang='lat' dir='ltr'><strong>du·</strong></span> 
     </span>
     <span class='ocr_line' id='line_1_29' title="bbox 100 2062 775 2130; baseline -0.006 -16"><span class='ocrx_word' id='word_1_190' title='bbox 100 2065 166 2113; x_wconf 73' lang='lat' dir='ltr'><strong>biam</strong></span> <span class='ocrx_word' id='word_1_191' title='bbox 177 2065 300 2130; x_wconf 82' lang='lat' dir='ltr'><strong>triumphi,</strong></span> <span class='ocrx_word' id='word_1_192' title='bbox 313 2066 412 2129; x_wconf 81' lang='lat' dir='ltr'><strong>neglexi.</strong></span> <span class='ocrx_word' id='word_1_193' title='bbox 430 2065 588 2114; x_wconf 75' lang='lat' dir='ltr'><strong>Sacerdotium</strong></span> <span class='ocrx_word' id='word_1_194' title='bbox 618 2062 710 2126; x_wconf 82' lang='lat' dir='ltr'><strong>eoique,</strong></span> <span class='ocrx_word' id='word_1_195' title='bbox 721 2076 775 2110; x_wconf 82' lang='lat' dir='ltr'><strong>cum</strong></span> 
     </span>
     <span class='ocr_line' id='line_1_30' title="bbox 101 2125 776 2194; baseline -0.007 -16"><span class='ocrx_word' id='word_1_196' title='bbox 101 2129 313 2194; x_wconf 71' lang='lat' dir='ltr'><strong>(quemadmodum</strong></span> <span class='ocrx_word' id='word_1_197' title='bbox 326 2138 349 2178; x_wconf 85' lang='lat' dir='ltr'><strong>te</strong></span> <span class='ocrx_word' id='word_1_198' title='bbox 363 2130 494 2180; x_wconf 75' lang='lat' dir='ltr'><strong>existimare</strong></span> <span class='ocrx_word' id='word_1_199' title='bbox 510 2129 618 2186; x_wconf 74' lang='lat' dir='ltr'><strong>arbitror)</strong></span> <span class='ocrx_word' id='word_1_200' title='bbox 629 2141 675 2174; x_wconf 91' lang='lat' dir='ltr'><strong>non</strong></span> <span class='ocrx_word' id='word_1_201' title='bbox 686 2125 776 2174; x_wconf 82' lang='lat' dir='ltr'><strong>diffidi-</strong></span> 
     </span>
    </p>
   </div>
   <div class='ocr_carea' id='block_1_3' title="bbox 98 2191 884 2640">
    <p class='ocr_par' dir='ltr' id='par_1_6' title="bbox 98 2191 884 2640">
     <span class='ocr_line' id='line_1_31' title="bbox 99 2191 775 2268; baseline -0.01 -25"><span class='ocrx_word' id='word_1_202' title='bbox 99 2195 158 2243; x_wconf 88' lang='lat' dir='ltr'><strong>lime</strong></span> <span class='ocrx_word' id='word_1_203' title='bbox 172 2195 283 2258; x_wconf 85' lang='lat' dir='ltr'><strong>consequi</strong></span> <span class='ocrx_word' id='word_1_204' title='bbox 293 2210 391 2258; x_wconf 87' lang='lat' dir='ltr'><strong>possem,</strong></span> <span class='ocrx_word' id='word_1_205' title='bbox 407 2209 454 2242; x_wconf 88' lang='lat' dir='ltr'><strong>non</strong></span> <span class='ocrx_word' id='word_1_206' title='bbox 465 2192 571 2268; x_wconf 75' lang='lat' dir='ltr'><strong>appetivi.</strong></span> <span class='ocrx_word' id='word_1_207' title='bbox 590 2191 665 2249; x_wconf 86' lang='lat' dir='ltr'><strong>Idem,</strong></span> <span class='ocrx_word' id='word_1_208' title='bbox 676 2199 728 2255; x_wconf 86' lang='lat' dir='ltr'><strong>poet</strong></span> <span class='ocrx_word' id='word_1_209' title='bbox 738 2191 775 2238; x_wconf 83' lang='lat' dir='ltr'><strong>in·</strong></span> 
     </span>
     <span class='ocr_line' id='line_1_32' title="bbox 98 2255 775 2323; baseline -0.006 -15"><span class='ocrx_word' id='word_1_210' title='bbox 98 2259 188 2320; x_wconf 79' lang='lat' dir='ltr'><strong>jurium</strong></span> <span class='ocrx_word' id='word_1_211' title='bbox 199 2267 325 2322; x_wconf 75' lang='lat' dir='ltr'><strong>acceptam,</strong></span> <span class='ocrx_word' id='word_1_212' title='bbox 338 2261 422 2323; x_wconf 86' lang='lat' dir='ltr'><strong>(quem</strong></span> <span class='ocrx_word' id='word_1_213' title='bbox 437 2268 463 2306; x_wconf 86' lang='lat' dir='ltr'><strong>tu</strong></span> <span class='ocrx_word' id='word_1_214' title='bbox 474 2257 606 2321; x_wconf 65' lang='lat' dir='ltr'><strong>respublica</strong></span> <span class='ocrx_word' id='word_1_215' title='bbox 621 2255 775 2304; x_wconf 72' lang='lat' dir='ltr'><strong>cnlsmitelsm</strong></span> 
     </span>
     <span class='ocr_line' id='line_1_33' title="bbox 100 2320 775 2388; baseline -0.006 -16"><span class='ocrx_word' id='word_1_216' title='bbox 100 2339 193 2388; x_wconf 85' lang='lat' dir='ltr'><strong>semper</strong></span> <span class='ocrx_word' id='word_1_217' title='bbox 203 2323 315 2387; x_wconf 76' lang='lat' dir='ltr'><strong>appelles,</strong></span> <span class='ocrx_word' id='word_1_218' title='bbox 327 2338 369 2386; x_wconf 82' lang='lat' dir='ltr'><strong>ego</strong></span> <span class='ocrx_word' id='word_1_219' title='bbox 379 2339 457 2370; x_wconf 82' lang='lat' dir='ltr'><strong>meam</strong></span> <span class='ocrx_word' id='word_1_220' title='bbox 468 2337 515 2370; x_wconf 91' lang='lat' dir='ltr'><strong>non</strong></span> <span class='ocrx_word' id='word_1_221' title='bbox 523 2321 592 2370; x_wconf 90' lang='lat' dir='ltr'><strong>modo</strong></span> <span class='ocrx_word' id='word_1_222' title='bbox 602 2334 649 2370; x_wconf 88' lang='lat' dir='ltr'><strong>non</strong></span> <span class='ocrx_word' id='word_1_223' title='bbox 658 2320 775 2368; x_wconf 74' lang='lat' dir='ltr'><strong>celnmite·</strong></span> 
     </span>
     <span class='ocr_line' id='line_1_34' title="bbox 100 2384 775 2450; baseline -0.007 -14"><span class='ocrx_word' id='word_1_224' title='bbox 100 2394 158 2448; x_wconf 64' lang='lat' dir='ltr'><strong>um,</strong></span> <span class='ocrx_word' id='word_1_225' title='bbox 178 2387 220 2436; x_wconf 89' lang='lat' dir='ltr'><strong>sed</strong></span> <span class='ocrx_word' id='word_1_226' title='bbox 237 2388 307 2435; x_wconf 82' lang='lat' dir='ltr'><strong>etiem</strong></span> <span class='ocrx_word' id='word_1_227' title='bbox 325 2387 432 2450; x_wconf 80' lang='lat' dir='ltr'><strong>glorium)</strong></span> <span class='ocrx_word' id='word_1_228' title='bbox 450 2386 529 2434; x_wconf 87' lang='lat' dir='ltr'><strong>studui</strong></span> <span class='ocrx_word' id='word_1_229' title='bbox 543 2401 614 2450; x_wconf 79' lang='lat' dir='ltr'><strong>quam</strong></span> <span class='ocrx_word' id='word_1_230' title='bbox 632 2384 775 2432; x_wconf 78' lang='lat' dir='ltr'><strong>ornatissime</strong></span> 
     </span>
     <span class='ocr_line' id='line_1_35' title="bbox 99 2447 774 2515; baseline -0.009 -15"><span class='ocrx_word' id='word_1_231' title='bbox 99 2455 193 2500; x_wconf 75' lang='lat' dir='ltr'><strong>senatus</strong></span> <span class='ocrx_word' id='word_1_232' title='bbox 203 2451 331 2515; x_wconf 87' lang='lat' dir='ltr'><strong>populique</strong></span> <span class='ocrx_word' id='word_1_233' title='bbox 342 2451 444 2501; x_wconf 75' lang='lat' dir='ltr'><strong>Romani</strong></span> <span class='ocrx_word' id='word_1_234' title='bbox 452 2451 481 2498; x_wconf 90' lang='lat' dir='ltr'><strong>de</strong></span> <span class='ocrx_word' id='word_1_235' title='bbox 488 2465 527 2498; x_wconf 88' lang='lat' dir='ltr'><strong>me</strong></span> <span class='ocrx_word' id='word_1_236' title='bbox 536 2449 623 2509; x_wconf 86' lang='lat' dir='ltr'><strong>judicie</strong></span> <span class='ocrx_word' id='word_1_237' title='bbox 629 2447 774 2496; x_wconf 81' lang='lat' dir='ltr'><strong>intercedere</strong></span> 
     </span>
     <span class='ocr_line' id='line_1_36' title="bbox 99 2511 776 2580; baseline -0.013 -18"><span class='ocrx_word' id='word_1_238' title='bbox 99 2511 185 2580; x_wconf 79' lang='lat' dir='ltr'><strong>imque</strong></span> <span class='ocrx_word' id='word_1_239' title='bbox 196 2524 220 2564; x_wconf 82' lang='lat' dir='ltr'><strong>et</strong></span> <span class='ocrx_word' id='word_1_240' title='bbox 237 2531 312 2578; x_wconf 78' lang='lat' dir='ltr'><strong>eugur</strong></span> <span class='ocrx_word' id='word_1_241' title='bbox 327 2525 406 2579; x_wconf 78' lang='lat' dir='ltr'><strong>postes</strong></span> <span class='ocrx_word' id='word_1_242' title='bbox 415 2515 465 2561; x_wconf 83' lang='lat' dir='ltr'><strong>deri</strong></span> <span class='ocrx_word' id='word_1_243' title='bbox 480 2514 551 2571; x_wconf 87' lang='lat' dir='ltr'><strong>volui,</strong></span> <span class='ocrx_word' id='word_1_244' title='bbox 563 2512 627 2576; x_wconf 89' lang='lat' dir='ltr'><strong>quod</strong></span> <span class='ocrx_word' id='word_1_245' title='bbox 642 2519 709 2558; x_wconf 75' lang='lat' dir='ltr'><strong>antee</strong></span> <span class='ocrx_word' id='word_1_246' title='bbox 720 2523 776 2567; x_wconf 74' lang='lat' dir='ltr'><strong>neg-</strong></span> 
     </span>
     <span class='ocr_line' id='line_1_37' title="bbox 99 2570 884 2640; baseline -0.019 -12"><span class='ocrx_word' id='word_1_247' title='bbox 99 2580 221 2637; x_wconf 75' lang='lat' dir='ltr'><strong>lexeram3</strong></span> <span class='ocrx_word' id='word_1_248' title='bbox 240 2587 263 2627; x_wconf 85' lang='lat' dir='ltr'><strong>et</strong></span> <span class='ocrx_word' id='word_1_249' title='bbox 273 2593 328 2631; x_wconf 84' lang='lat' dir='ltr'><strong>eum</strong></span> <span class='ocrx_word' id='word_1_250' title='bbox 338 2579 458 2636; x_wconf 85' lang='lat' dir='ltr'><strong>honorem,</strong></span> <span class='ocrx_word' id='word_1_251' title='bbox 469 2576 511 2640; x_wconf 91' lang='lat' dir='ltr'><strong>qui</strong></span> <span class='ocrx_word' id='word_1_252' title='bbox 519 2583 620 2624; x_wconf 80' lang='lat' dir='ltr'><strong>sserutu</strong></span> <span class='ocrx_word' id='word_1_253' title='bbox 631 2570 702 2620; x_wconf 84' lang='lat' dir='ltr'><strong>tribui</strong></span> <span class='ocrx_word' id='word_1_254' title='bbox 710 2570 778 2616; x_wconf 84' lang='lat' dir='ltr'><strong>rebus</strong></span> <span class='ocrx_word' id='word_1_255' title='bbox 883 2571 884 2602; x_wconf 66' lang='lat'>³</span> 
     </span>
    </p>
   </div>
   <div class='ocr_carea' id='block_1_4' title="bbox 0 0 899 2944">
    <p class='ocr_par' dir='ltr' id='par_1_7' title="bbox 0 0 899 2944">
     <span class='ocr_line' id='line_1_38' title="bbox 0 0 899 2944; baseline 0 0"><span class='ocrx_word' id='word_1_256' title='bbox 0 0 899 2944; x_wconf 95' lang='lat' dir='ltr'><strong> </strong></span> 
     </span>
    </p>
   </div>
  </div>
 </body>
</html>
