1764 2942
213 181 265 231 An
282 179 456 234 ATTICUM·
473 183 535 232 lara.
552 183 598 234 1v.
614 185 638 232 3.
718 186 766 241 247

91 319 180 386 postes,
192 309 316 360 aioomitia
325 327 367 360 suia
376 326 422 360 non
433 312 522 372 fierent,
529 313 589 362 Urbi
597 313 688 362 minari.
706 311 765 361 I’ro-

92 375 168 488 ffirti
179 375 312 423 Mareellini
329 376 442 424 sententiis
453 378 536 440 (quam
546 377 586 424 ille
596 377 626 425 de
635 377 719 441 scripto
730 377 764 426 ita

134 448 193 495 erat,
209 447 237 492 ut
253 447 326 488 totam
342 450 443 488 nonnam
460 456 553 490 oausam
567 457 634 500 arete,
647 441 764 490 inomslio·

93 519 156 563 rum,
179 503 278 567 penculi
295 505 351 563 mei,
366 504 452 566 judicio
473 506 669 568 eomplecteretur,
690 521 764 571 eaque

93 568 173 616 omnia
183 567 281 616 oomitiis
291 567 433 630 anteferret),
443 569 582 632 proscripsit,
594 585 619 617 ae
633 585 674 632 per
683 584 763 620 omnes

92 631 142 680 dies
157 632 283 680 comitiales
295 632 325 680 de
338 634 394 681 urlo
409 642 559 682 servatumru.
576 634 702 682 Coneinnes
714 643 763 682 tur-

92 697 196 744 bulentae
204 695 305 755 Metelli,
316 697 441 745 mmerariae
453 697 536 760 Appii,
547 697 703 746 furioeissimae
713 699 762 746 Pu.

91 760 143 808 blii.
161 761 221 808 Heu
238 769 315 810 tamen
334 776 440 808 summa:
457 761 502 809 nisi
523 761 585 808 Milo
601 761 626 808 in
643 762 761 825 Campum

92 825 260 883 obnuntiioset,
271 825 363 872 oonun'a
372 825 458 872 lutura.
625 867 628 874 .
668 859 670 862 -

125 891 193 936 Ante
202 889 265 936 diern
283 889 337 936 XII
355 889 406 938 Cel.
416 889 526 937 Deoemb.
538 889 599 937 Milo
609 887 686 937 medii
696 900 761 940 nocte

92 968 148 1000 num
159 953 246 1015 magni
256 967 328 1000 manu
337 953 363 1000 in
374 953 491 1016 Campum
501 953 570 1002 veuit.
587 953 691 1014 Clodius,
707 969 761 1004 eum

91 1017 188 1066 haberet
208 1016 358 1080 fugitivorum
382 1017 479 1066 delectas
495 1018 579 1080 copias,
601 1017 626 1066 in
645 1017 762 1080 Campum

92 1080 126 1128 ire
143 1095 191 1128 non
210 1089 244 1128 eat
262 1096 338 1129 susus.
362 1081 424 1128 Milo
440 1081 566 1145 permansit
583 1081 614 1128 ad
631 1081 760 1142 meridiem,

91 1145 191 1194 mnifict
201 1145 322 1194 hominnm
333 1145 422 1203 letitie,
435 1145 528 1194 summi
537 1161 591 1194 eum
601 1145 681 1208 glorila
699 1146 761 1194 Con.

91 1210 165 1256 tentio
182 1207 280 1258 fratrum
294 1210 366 1258 trium
382 1209 465 1272 turpis,
482 1209 554 1258 fractu
572 1210 615 1269 via,
630 1218 760 1258 nontenuua

90 1272 163 1320 furor.
181 1273 293 1322 Metellus
308 1283 386 1322 tamen
400 1273 509 1336 postulat,
524 1282 552 1322 ut
564 1273 710 1336 aibipostero
721 1274 760 1322 die

89 1336 116 1384 in
132 1337 183 1386 loro
199 1337 361 1387 obnuntieturz
379 1338 438 1385 nihil
454 1353 510 1397 esse,
527 1338 590 1401 quod
602 1339 627 1386 in
638 1337 759 1402 Campum

48 1401 50 1404 ’
88 1403 296 1450 nonteveniretsr:
315 1401 693 1465 sehoreprimtineomiuofore.

122 1467 216 1528 Itaque,
227 1475 280 1514 ante
290 1466 405 1514 diem'XI
417 1466 467 1514 cu.
483 1466 508 1515 in
522 1467 641 1514 comitium
656 1467 717 1516 Milo
728 1467 758 1518 tle

86 1540 156 1578 noete
172 1531 242 1580 venit.
256 1556 259 1563 ·
275 1531 385 1580 Metellus
403 1545 458 1580 oum
474 1529 549 1594 primi
565 1532 616 1580 luce
632 1531 713 1579 furtim
731 1531 757 1592 in

88 1595 207 1658 Campum
221 1595 340 1643 itineribus
356 1610 427 1658 prope
437 1594 508 1644 deviis
518 1598 639 1644 currebam
656 1597 758 1660 assequi·

88 1667 128 1706 tur
143 1659 204 1733 ipter
220 1659 285 1708 luwa
298 1659 415 1708 hominem
430 1660 508 1716 Milo;
525 1661 653 1708 obnuntiat.
671 1661 716 1708 Ille
732 1677 756 1712 se

85 1732 187 1836 Ml
199 1723 673 1837 mellitissimus·
689 1725 755 1774 ‘⁴¹¹⁰‘

119 1853 185 1900 Ante
199 1851 261 1900 diem
276 1852 343 1900 VIII
365 1850 417 1900 cai.
430 1851 480 1899 hoc
492 1867 534 1914 ego
546 1851 681 1910 scribebam,
698 1852 756 1900 hori

85 1917 160 1966 noctis
170 1913 238 1964 noni.
255 1917 316 1964 Milo
328 1915 446 1977 Campum
454 1917 503 1976 jam
514 1917 612 1972 tenebat.
629 1915 756 1964 Maroellua

85 1980 223 2028 eandidatus
241 1981 274 2028 ito
292 1981 407 2038 stertebat,
425 1987 452 2026 ut
473 1994 515 2040 ego
534 1977 622 2026 uicinus
640 1979 752 2026 audirem

86 2043 322 2100 Clodiiseatibulum
337 2058 436 2092 saeuum
446 2058 503 2090 aune
515 2041 574 2090 mihi
587 2042 753 2092 nuntiabaturs

85 2109 156 2172 pauci
166 2109 272 2173 pannosi,
283 2107 437 2157 sinelaterni.
763 2129 766 2136 ⁴

118 2173 178 2222 Meo
194 2173 288 2224 mnstio
300 2173 379 2221 omnia
392 2171 427 2218 illi
443 2171 490 2220 fieri
502 2173 667 2234 querebantur,
681 2171 756 2234 ignari

85 2246 203 2302 quantum
214 2238 241 2286 in
252 2239 294 2286 illo
306 2237 376 2284 heroi
389 2244 448 2284 esset
461 2235 541 2295 animi,
559 2236 755 2298 quintinensis

86 2302 184 2352 consilii.
200 2301 311 2352 Miranda
327 2301 399 2350 virtus
414 2309 455 2348 est.
472 2299 541 2347 Nova
556 2299 662 2363 quiedam
677 2299 756 2349 divina

86 2367 172 2418 mittut
189 2366 230 2414 sed
239 2367 289 2414 heo
302 2381 395 2414 summa
405 2374 453 2412 ests
471 2363 562 2414 oomitia
572 2363 620 2412 lore
636 2379 683 2414 non
694 2365 756 2414 arbi.

86 2439 142 2478 tror.
159 2431 238 2478 Reum
256 2430 377 2490 Publium,
391 2429 436 2476 nisi
452 2437 506 2476 ante
519 2429 605 2476 ooeious
620 2429 671 2487 erit,
682 2429 756 2476 lorea

87 2493 180 2542 Milone
190 2503 264 2557 puto:
282 2494 302 2542 si
314 2509 337 2542 se
347 2493 407 2542 inter
417 2493 479 2540 viam
489 2493 605 2551 obtulerit,
616 2492 715 2540 oooiaum
726 2492 755 2538 iri

86 2559 117 2606 ab
128 2557 180 2621 ipso
197 2557 287 2607 Milone
304 2557 377 2606 video.
393 2558 449 2611 Non
459 2555 550 2604 dubitat
563 2555 653 2610 faeeree
670 2569 718 2616 pra
731 2569 756 2602 se

84 2621 151 2678 texts
166 2637 245 2674 tusum
264 2622 332 2670 illum
349 2629 454 2676 nostrum
472 2634 518 2668 noo
534 2617 677 2668 exumesdtr
694 2630 756 2672 nuu-
