1784 2944
107 133 139 180 84
216 138 269 186 AD
283 136 462 188 mvmtsos.
480 137 540 186 Iun.
558 135 616 185 XV.
633 137 665 182 2.·

106 265 263 330 subterflrgere
281 267 385 326 mallem,
394 281 476 330 -quam
495 273 575 316 veetrae
589 263 719 314 auctoritati
735 265 782 313 ob-

106 339 153 378 tem
172 347 241 378 erare.

138 347 191 442 Hpoc
197 403 275 442 autem
282 403 486 458 temporereeseae
496 395 529 444 sic
538 396 617 454 habet,
628 402 656 440 ut
668 392 724 456 (nisi
737 391 788 440 ex·'

105 460 201 506 ercitum
212 468 312 518 tantum,
322 469 436 522 quantum
444 460 475 507 ad
485 460 616 508 maximum
627 459 715 506 bellum
722 457 785 518 mitq
813 505 817 508 ,

105 531 152 588 tere
162 523 246 582 soletis,
258 532 348 572 mature
358 525 383 572 in
393 525 435 572 has
446 525 573 588 provincias
583 522 701 581 miseritis)
713 519 783 570 sumi

104 601 172 634 mum
189 587 318 650 periculum
332 589 370 647 sit,
388 603 418 636 ne
433 589 565 637 amittendae
579 589 625 636 sint
642 601 722 634 omnes
740 586 780 634 hae

103 651 234 714 provincia,
253 653 338 716 quibus
352 653 471 714 vectigalia
487 654 567 716 populi
584 652 688 701 Romani
704 651 779 699 eonti-

104 724 194 764 nentur.
212 716 371 775 Quamobrem
390 727 468 766 autem
485 718 510 764 in
526 718 570 765 hoc
587 716 721 780 provinciali
736 716 780 763 de-

103 780 164 828 lectu
176 797 241 844 spem
257 782 360 830 habeatis
375 783 487 846 aliquam,
505 798 573 830 causa
588 781 653 828 nulia
668 788 717 827 estr
734 795 778 828 ne·

104 853 150 908 qne
160 846 229 894 multi
239 854 307 903 sunt3
325 855 348 894 et
358 845 483 909 diffugiunt
492 847 533 909 qui
543 853 605 904 sunt,
614 853 679 893 metu
686 845 775 894 oblatu.

103 909 145 967 Et,
158 910 220 972 quod
230 927 303 974 genus
314 911 357 958 hoc
367 911 472 959 militum
483 911 520 968 sit,
530 910 643 972 judicavit
653 909 688 956 vir
699 909 777 957 fortis-

103 973 176 1022 simus
191 976 228 1024 Μ.
246 976 346 1024 Bibulus
359 975 384 1023 in
399 975 476 1032 Asit3
494 975 543 1039 qui,
562 990 616 1022 cum
630 973 705 1022 vosei
722 989 776 1036 per-

103 1038 220 1088 misissetis
239 1041 353 1088 delectum
369 1041 461 1101 habere,
481 1040 563 1089 noluit.
579 1039 644 1086 Nam
661 1038 776 1086 sociorum

103 1103 198 1164 auxilia,
216 1113 310 1169 propter
323 1105 469 1154 acerbitatem
488 1114 557 1167 atque
574 1103 669 1164 injurias
683 1102 777 1166 imperii

103 1169 183 1227 nostri,
200 1179 240 1218 aut
257 1171 289 1217 ita
307 1170 499 1228 imbecillosum,
517 1179 604 1216 utnon
618 1166 722 1214 multum
732 1181 776 1215 noa

101 1233 183 1293 juvare
193 1234 288 1298 possint,
297 1242 338 1282 aut
348 1235 381 1282 ita
391 1235 488 1283 alienata
499 1251 513 1282 a
523 1234 598 1290 nobis,
610 1240 637 1278 ut
647 1243 723 1294 neque
733 1247 776 1278 ex-

103 1299 252 1360 spectandum
264 1301 293 1346 ab
305 1299 342 1358 iis,
360 1314 435 1362 neque
447 1297 644 1347 committendum·
652 1295 690 1354 iis,
706 1295 776 1358 quid-

102 1377 174 1423 quam
186 1377 234 1410 esse
251 1362 361 1410 videatur.
379 1364 450 1426 Regis
467 1362 572 1410 Deiotari
588 1369 611 1408 et
621 1360 774 1419 voluntatem,

103 1433 126 1471 et
143 1427 227 1487 copias,
245 1435 437 1490 quantacumque
454 1435 517 1486 aunt,
535 1435 622 1474 nostras
641 1439 689 1472 esse
705 1425 774 1472 duco.

102 1487 248 1551 Cappadocia
267 1499 301 1537 eat
318 1491 401 1538 inanis.
438 1491 533 1556 Reliqui
551 1505 615 1553 reges
636 1488 776 1552 tyrannique

102 1565 177 1614 neque
187 1553 269 1616 opibus
279 1553 334 1602 satie
345 1555 468 1614 firminec
478 1557 604 1613 voluntate,
620 1561 680 1602 suut.
698 1553 772 1613 Mihi,
846 1555 854 1570 ’

101 1615 126 1664 in
137 1617 180 1664 hac
194 1616 309 1679 paucitate
323 1619 433 1678 militum,
446 1620 537 1668 animus
552 1628 611 1668 certe
625 1632 671 1665 non
682 1617 772 1674 deerit3

102 1695 176 1742 opero,
187 1695 217 1728 ne
232 1682 352 1730 eonsilium
367 1684 468 1746 quidem.
489 1684 556 1742 Quid
566 1698 673 1732 casurum
684 1682 721 1740 sit,
736 1681 774 1728 in-

102 1753 190 1792 certum
209 1753 250 1794 est
267 1746 364 1795 Utinam
382 1749 451 1796 saluti
467 1758 550 1797 noatroe
567 1748 683 1796 maculare
700 1745 774 1810 posei-

102 1823 155 1856 mus
164 1809 171 1856 i
189 1809 295 1874 ‹ignitati
306 1820 366 1860 eerte
376 1815 528 1862 considemus·

104 1999 154 2064 (r.)
165 1997 203 2046 Μ.
215 1999 375 2060 surmus,
387 2001 425 2049 M.
434 2001 463 2049 a.
476 1998 614 2059 oronim,
626 1997 769 2047 procos.

135 2064 241 2176 2.qu
258 2065 345 2114 coss.
362 2065 496 2114 annm.
514 2065 629 2112 rama
648 2063 699 2110 rn.
721 2063 774 2112 sn.

134 2251 328 2312 (Argumentum.
337 2281 370 2294 -
377 2251 490 2314 Exponit,
497 2250 576 2300 audito
584 2249 724 2299 Parthorum
731 2247 774 2296 ad·

101 2323 180 2374 ventu,
192 2315 249 2379 quid
260 2316 333 2380 egerit
340 2332 382 2380 pro
394 2316 481 2364 tuendi
491 2315 616 2379 provincii,
628 2313 738 2376 wciisque
746 2312 773 2360 in

102 2377 148 2426 fide
164 2381 321 2430 continendisr
338 2381 445 2445 adjungit
458 2381 487 2429 de
502 2395 556 2444 rege
569 2380 727 2429 Ariobarzane
741 2378 773 2426 ab

102 2441 190 2492 insidiis
200 2444 314 2508 liberato.)

134 2575 159 2623 S·
177 2577 209 2626 V.
223 2576 255 2625 V.
273 2578 303 2624 Β.
321 2577 351 2626 Ε.
366 2537 492 2638 Εἶν.
510 2578 572 2626 Cum
587 2575 659 2639 pridie
674 2574 772 2624 calend.

104 2645 166 2694 Sext.
178 2643 203 2692 in
213 2643 353 2708 provinciam
363 2645 482 2703 venissem,
493 2657 569 2708 neque
579 2642 693 2692 maturius
702 2657 775 2706 prop-
