1764 2942
124 145 174 194 ebe
237 141 287 192 AB
304 141 475 198 siricum.
491 141 552 192 liin.
570 141 615 194 1v.
634 143 674 192 iu.

125 273 187 334 culs)
198 270 290 320 effiisns.
307 270 379 319 llenit
389 271 459 320 etiam
469 269 499 318 ad
509 285 548 318 mc
558 270 583 318 in
594 269 732 318 Cumanum
739 275 757 318 a'
764 285 798 318 se.-

127 333 194 388 Nihil
210 335 287 382 minus
297 335 356 383 velle
366 335 425 382 mihi
439 335 500 382 visus
517 344 560 394 est,
578 350 651 398 quem
668 334 794 382 iilessalam

125 399 268 462 consulatum
280 407 370 462 petere:
388 399 417 448 de
427 413 474 462 quo
484 399 534 462 ipso
548 400 568 448 si
582 398 641 464 quid
657 399 711 460 scia,
726 399 802 448 velim:

126 481 189 516 scire.
534 483 535 486 ¹

158 527 229 588 Quod
239 528 338 576 Lucceio
348 527 426 590 scribis
434 535 456 574 te
462 534 563 575 nostram
571 527 670 590 gloriam
678 543 803 576 commen-¹

126 595 244 652 daturum,
255 601 278 640 et
288 592 410 640 aedificium
421 599 527 640 nostrum
542 591 605 654 quod
619 594 700 640 crebro
710 593 797 652 invisisi

126 666 227 724 gratum.
243 657 347 718 Quintus
357 656 426 704 irater
436 656 466 704 ad
476 671 516 703 me
529 657 626 720 scripsit,
640 671 674 716 se,
687 657 797 721 quoniam

127 724 260 778 Ciceronem
271 720 430 769 suavissimum
442 735 520 768 secum
530 721 633 779 haberet,
644 721 676 768 ad
687 730 711 770 ie
722 721 797 770 Nonis

127 786 200 838 Maiis
217 794 348 834 venturum.
367 785 420 847 Ego
436 799 475 832 me
491 784 521 832 de
539 785 646 834 Cumano
663 785 729 834 movi
745 793 798 835 ante

128 853 190 900 diem
201 849 225 897 V
236 850 286 898 cai.
297 849 388 896 dicias:
406 864 433 896 eo
450 848 487 896 die
505 849 605 912 Neapoli
620 849 686 912 apud
701 851 733 899 li.
747 848 798 898 Pss-

128 925 195 966 tum:
212 922 265 962 ante
278 914 340 962 diem
356 913 394 961 IV
406 912 456 960 Cal.
468 913 555 974 Maiae,
572 913 621 963 iens
638 914 799 980 inPompcia·

129 996 196 1041 num,
207 981 267 1028 benc
274 993 342 1026 mane
351 977 401 1026 imo
412 977 498 1040 scripsi

259 1170 327 1234 (ιο.)
345 1171 473 1222 cinnno
489 1171 623 1222 arnico
640 1173 669 1222 s.

163 1301 267 1350 Puteolis
282 1317 381 1366 magnus
399 1308 432 1350 est
448 1317 535 1360 rumor,
550 1301 706 1350 Ptolemoeum
717 1319 766 1352 esse
777 1303 801 1350 in

133 1382 211 1430 regno.
235 1367 261 1416 Si
271 1367 328 1442 quid
337 1366 408 1415 habes
423 1366 514 1425 omnus,
526 1366 595 1414 velim
610 1367 674 1416 scire.
697 1367 752 1432 Ego
765 1368 801 1416 liic

132 1447 213 1496 pascor
228 1431 366 1479 bibliotlieci
376 1430 471 1478 Fausiiz
487 1431 582 1478 fortasse
600 1439 626 1479 tu
641 1435 752 1494 putabas,
769 1431 803 1480 hii

132 1498 200 1556 rebus
212 1495 344 1542 Puteolanis
359 1505 381 1543 ei
392 1495 578 1542 Lucrinensibus.
601 1495 641 1543 Ne
653 1496 700 1544 ista
710 1497 803 1560 quidem

132 1559 229 1608 desunt:
247 1558 286 1606 sed
299 1559 448 1622 (mehercule)
460 1575 475 1606 a
485 1559 570 1608 catatu
579 1554 771 1610 obloeutinaibbs
778 1568 804 1608 ut

133 1623 223 1672 deseror
242 1631 266 1670 et
284 1623 440 1686 voluptatibus
458 1623 550 1687 propter
568 1625 756 1687 rempublicam
772 1625 803 1672 sic

133 1687 205 1736 literis
215 1694 328 1734 sustentor
336 1696 359 1735 et
369 1703 470 1736 recreor:
487 1689 595 1752 maloque
605 1688 630 1736 in
638 1689 682 1736 iiii
690 1690 734 1738 tuis
741 1689 803 1738 sede-

135 1750 196 1809 aule,
208 1766 278 1814 quam
295 1750 366 1800 habes
383 1753 427 1800 sub
443 1752 544 1816 imagine
560 1753 701 1814 Aristotelis,
718 1755 803 1816 sedena

135 1831 205 1881 quani
217 1815 242 1862 in
252 1815 349 1862 istorum
357 1816 413 1864 nelli
421 1817 512 1874 curuli;
523 1825 646 1881 tecumque
652 1819 717 1882 apud
725 1827 749 1867 te
756 1833 804 1866 ain-

134 1881 222 1994 lpulara
235 1893 306 1944 qnam
317 1895 370 1928 cum
381 1895 416 1941 eo,
432 1895 533 1944 quocum
543 1881 609 1931 video
619 1897 667 1930 esse
683 1883 804 1931 ambulan-

153 1961 200 1994 nm.
429 1965 431 1972 ,

168 2009 214 2058 Sed
224 2009 253 2056 de
261 2007 302 2057 iiii
312 2009 467 2058 ambulatione
477 2007 524 2058 fors
532 2009 622 2068 viderit,
631 2018 672 2058 aut
683 2011 704 2059 si
714 2012 756 2076 qui
764 2019 803 2070 est

136 2074 178 2138 qni
188 2081 252 2122 csuet
262 2073 335 2122 Deus.
352 2075 463 2122 Nostram
473 2075 663 2135 ambulationem,
672 2083 696 2123 et
707 2075 805 2126 Inueni·

136 2154 199 2197 eum,
217 2153 298 2202 eaque,
313 2155 366 2202 quae
377 2139 451 2202 Cyrea
466 2137 520 2199 sint,
536 2139 615 2200 velim,
632 2139 697 2203 quod
713 2140 809 2204 poterin

135 2202 235 2257 invisasr
253 2211 276 2248 et
292 2218 374 2265 urgeas
391 2203 553 2263 Philotimum,
572 2201 611 2264 [ut
627 2207 763 2270 properati]
778 2212 804 2253 ui

135 2265 220 2330 possim
232 2265 274 2312 tibi
285 2266 373 2329 aliquid
381 2267 405 2314 in
417 2282 443 2314 eo
453 2283 535 2330 genere
545 2268 688 2332 respondere.

150 2382 154 2388 ¹
169 2328 293 2402 Pompeius
303 2329 328 2376 in
339 2329 473 2378 Cumanum
485 2332 600 2382 Parilibus
611 2332 688 2380 veruti
705 2330 803 2382 misitad

135 2407 174 2440 me
184 2399 270 2450 stanni,
282 2393 323 2456 qui
338 2393 436 2442 salutem
446 2396 568 2444 nuntiaret
586 2396 624 2446 Ad
634 2411 690 2446 euin
699 2397 804 2464 postridie

137 2471 205 2506 mane
216 2455 335 2517 sedebam,
346 2471 400 2506 cuni
410 2459 460 2507 haec
468 2460 556 2524 scripsi.
