1784 2944
208 159 259 208 AD
276 159 446 208 ATTICUM.
462 160 523 208 Irin.
540 160 562 208 1.
580 160 618 208 li.
702 159 749 208 trs

78 287 751 366 quistnlntempnshabnsrirnfftquaidereptumesum-

79 351 122 400 mis
140 353 337 417 aucupationibus.
355 353 435 401 Prima
450 353 528 402 uoneio
547 352 654 464 Pmijfi
675 351 750 428 qualis

79 416 169 476 nisset,
188 418 268 481 scripsi
284 417 315 466 ad
333 426 356 466 te
373 427 448 478 antea,
470 431 517 465 non
531 418 604 478 jucun
651 416 749 475 miseris,

79 481 153 529 inanis
164 482 285 546 improbis,
296 482 368 530 beatis
378 497 424 530 non
434 490 508 544 grate,
518 481 584 530 bonis
599 497 645 528 non
656 479 749 545 gravisi

79 545 157 609 itaque
167 547 274 610 frigebat.
295 547 369 605 Tum,
381 547 471 594 Pisonis
481 546 580 594 eonsirlis
595 545 707 609 impulsu,
718 545 751 592 le·
783 539 791 552 ⁸

79 609 187 659 sissimus
197 611 306 659 tribunus
316 611 397 674 plebis,
412 609 503 670 Fufius,
520 611 545 658 in
555 610 686 664 concionem
697 625 751 673 pro·

80 673 148 722 (luxit
159 675 308 738 Pompeium.
330 675 379 723 Res
389 678 499 738 agebatur
514 675 539 722 in
550 675 608 722 airon
618 673 749 722 Flaminius

79 748 102 787 et
111 748 161 787 erat
171 740 197 786 in
209 755 235 788 eo
246 741 296 802 ipso
306 739 356 788 loeo
365 739 405 788 illo
416 739 453 786 (lie
463 739 619 786 nundinarum
630 756 752 800 πανηγυρις.

80 803 196 862 Quaerit
207 819 236 851 ex
247 819 283 862 eo,
294 805 420 868 placeretne
431 803 461 862 ei,
470 804 559 864 judiees
568 819 583 850 a
593 811 688 866 pretore
696 801 752 864 legi,

95 883 127 915 uo
137 867 234 916 eonsssio
244 867 306 916 idem
314 878 397 931 praetor
405 876 520 916 uteretur:
537 868 562 914 id
576 877 654 916 eutem
665 875 712 914 erat
723 865 752 914 (le

79 883 308 995 ilodimtrengione
316 935 345 980 ab
354 941 434 980 senatu
441 932 598 980 constitutum.
609 931 674 978 Tum
681 931 753 978 Pom·

80 997 146 1060 peius
162 999 221 1052 μαλ’
242 1015 428 1058 αριστοκρατικως
444 997 534 1044 locutus
551 1005 599 1052 est:
617 998 753 1058 Stellatisque

80 1061 240 1109 anctoritatem
251 1060 294 1108 sibi
304 1060 411 1108 omnibus
422 1061 446 1108 in
457 1063 526 1108 rebus
536 1059 664 1108 maximam
672 1057 752 1118 videri,

80 1123 634 1238 sustinetsustinet
634 1121 753 1232 impp

80 1206 212 1318 siviuoeqnid
227 1253 256 1300 de
266 1253 383 1316 religione,
399 1261 422 1302 et
432 1252 461 1299 de
471 1249 618 1315 promulgati
628 1201 752 1312 pegrptpone,

81 1319 182 1368 sentiret.
199 1317 303 1366 incutis
319 1317 352 1364 ita
364 1324 398 1364 est
411 1316 436 1363 in
448 1324 537 1376 senatu,
554 1323 582 1362 ut
598 1313 676 1363 omnia
690 1313 752 1362 illius

80 1383 167 1431 ordinis
179 1382 284 1431 consulta
295 1399 382 1440 γενικως
391 1381 510 1428 lauderet:
527 1379 640 1491 mihipe,
655 1387 682 1426 ut
693 1394 752 1426 esse-

80 1448 122 1509 (lit,
137 1447 208 1508 dixit,
226 1453 350 1510 seputare,
368 1445 461 1494 satisab
479 1445 582 1494 seetiam

81 1514 123 1563 bus
134 1529 184 1560 esse
194 1525 337 1574 responsum.

113 1576 222 1634 Crassus,
229 1583 378 1650 posteaquem
386 1574 451 1634 vidit,
460 1575 528 1652 illum
538 1575 651 1651 excepisse
658 1573 752 1624 laudem

81 1657 162 1754 {leui
171 1639 587 1770 {titiistttmlliltt
597 1639 754 1752 stilti

82 1771 160 1820 sulatu
170 1771 263 1818 locutus
273 1777 322 1824 est3
339 1777 366 1816 ut
376 1768 409 1816 its
419 1767 511 1828 (liceret,
522 1785 554 1828 se,
572 1769 636 1833 quod
650 1777 708 1818 esset
717 1783 754 1814 se-

82 1844 156 1894 natur,
168 1831 233 1898 quoti
244 1832 306 1891 civis,
318 1832 380 1895 quod
390 1833 456 1892 liber,
469 1833 531 1897 quod
541 1834 634 1891 viveret,
645 1831 704 1878 mihi
715 1847 752 1880 ac-

83 1909 177 1964 ceptum
188 1899 287 1954 referre;
304 1897 392 1960 quoties
402 1899 532 1960 conjugem,
544 1897 632 1960 quoties
646 1896 752 1955 domum,

82 1963 173 2028 quoties
183 1962 283 2026 patriam
294 1961 388 2021 videret,
404 1961 470 2010 tuties
487 1977 511 2009 se
527 1959 664 2008 beneficium
674 1974 754 2006 meum

608 1441 753 1508 strenue.

83 2029 167 2077 ridere.
189 2026 255 2086 Quid
264 2026 358 2074 multat
375 2034 450 2074 totum
461 2025 523 2073 hunc
533 2026 619 2082 locum,
631 2037 701 2086 quem
712 2037 755 2084 ego
816 2076 821 2089 ,
883 2027 884 2058 l

82 2093 144 2142 varie
162 2092 222 2140 meis
236 2090 384 2150 orationibus,
403 2105 501 2153 quarum
518 2098 545 2136 tu
560 2087 707 2134 Aristarchus
721 2102 754 2146 es,

84 2159 145 2206 soleo
156 2156 260 2220 pingere,
272 2154 300 2202 de
310 2153 415 2214 flammi,
426 2154 455 2202 de
465 2154 533 2215 ferro,
546 2151 618 2218 (nisti
627 2151 679 2198 illes
687 2160 754 2205 ληκυ.

84 2219 140 2282 isac)
152 2221 221 2269 valde
231 2219 329 2282 graviter
339 2218 460 2282 pertexuit.

116 2285 229 2332 Proxime
240 2283 378 2346 Pompeium
387 2283 500 2331 sedebam.
516 2282 626 2332 Intellexi
635 2280 753 2329 hominem

85 2350 188 2424 φοναῖς
206 2357 286 2423 utrurn
297 2347 407 2396 Crassum
422 2347 480 2396 inirs
494 2363 545 2396 eam
561 2347 667 2411 gratiam,
682 2361 754 2410 quam

85 2428 134 2524 li
143 2420 532 2535 lilii-‘memmii
540 2420 756 2538 ἵέῗὲὲᾝὲἕ

86 2541 145 2588 mihi
154 2541 249 2588 laudem
259 2540 324 2586 illam
335 2555 362 2586 eo
369 2538 446 2586 minus
456 2539 556 2599 deberet,
567 2537 628 2601 quod
639 2535 697 2582 meis
705 2547 756 2578 om-

87 2605 155 2654 nibus
165 2604 238 2652 literis
248 2604 273 2650 in
284 2602 501 2666 Pompeianilaude
511 2602 642 2664 perstrictus
652 2603 717 2642 esset.

120 2668 168 2718 Hic
179 2667 227 2718 dies
237 2682 276 2716 me
286 2665 352 2714 valde
362 2665 445 2712 Crasso
457 2664 578 2726 adjunxit:
596 2669 619 2708 et
629 2667 715 2711 tamen,
726 2653 756 2700 ab
