1788 2942
230 183 290 232 AD
306 182 476 234 ATTIGUM·
494 186 554 232 nur.
567 185 641 233 Vlll.
661 187 698 234 lt.
755 185 805 234 3⁹1⁴

107 310 201 359 liorem
213 319 241 360 te
253 313 349 374 faciam,
361 329 437 378 neque
445 329 529 362 novem
543 315 642 378 denique
656 316 706 377 jem]
717 314 802 376 reperi-

111 389 155 421 am
163 377 295 437 scribendi
302 380 376 426 ullum
383 379 525 427 sententiam.
541 379 596 437 Sed,
607 380 627 427 ei
637 379 714 427 dedite
722 377 800 439 opere,

110 453 170 486 cum
184 443 337 491 causonullu
348 451 413 500 meet,
422 443 550 490 tabellarios
560 442 590 489 ad
601 453 686 492 tecum
693 441 803 490 inanibus

109 505 228 567 epistolis
242 507 374 563 mitterem
391 507 488 555 facerem
498 507 582 569 inepte.
606 507 723 555 Euntibus
737 520 799 564 vero,

113 567 261 618 domesticis
271 571 406 634 praesertim,
417 580 444 619 ut
453 571 512 618 nibil
527 571 558 618 ed
574 580 597 618 te
606 572 660 618 dem
671 571 799 628 literarum,

112 631 197 682 fecere
209 649 261 682 non
272 651 382 698 pessume
400 645 422 683 et
432 636 501 684 simul
518 635 594 690 (crede
604 635 672 693 mihi)
683 633 802 698 requiesco

113 698 227 758 paulum
246 699 271 746 in
282 700 318 748 his
329 700 433 759 miseriis,
451 715 505 748 eum
522 699 590 763 quari
607 707 683 746 tecum
699 700 797 762 loquore

114 775 175 809 cum
184 779 245 812 vero
252 771 303 812 tues
314 765 419 828 epistolas
428 765 488 827 lego,
497 764 572 811 multo
583 764 652 810 etiem
661 763 741 826 magis.

152 826 268 876 Omnino
277 828 389 892 intelligo,
402 829 494 876 nullum
504 828 575 874 fuisse
587 835 679 890 tempus
694 836 746 889 post
756 825 798 872 has

114 889 192 952 fugos
205 900 230 939 et
237 892 377 952 formidines,
385 892 448 956 quod
454 892 529 954 magis
537 891 641 939 debuerit
648 899 741 938 mutum
749 893 800 937 esee

119 955 242 1012 aliteriu3
258 965 377 1020 propterea
410 955 457 1004 uod
475 971 551 1019 neque
568 957 652 1003 Romae
668 955 796 1018 quidquam

118 1018 222 1066 auditur
232 1020 301 1076 novi3
318 1035 360 1068 neo
370 974 442 1068 inqhis
451 1021 515 1079 locis,
533 1036 586 1083 quae
596 1036 610 1067 a
620 1019 746 1068 Brundisio
756 1020 798 1065 ab·

119 1090 180 1158 sunt
188 1084 293 1147 propius,
303 1100 375 1148 quam
386 1093 421 1144 tu,
432 1085 531 1133 biduum
540 1093 581 1131 eut
588 1084 699 1131 triduum.
717 1083 797 1129 Brun-

20 1167 25 1188 ι
120 1145 178 1194 drsu
198 1156 277 1196 eutem
298 1149 367 1196 omne
385 1157 500 1196 certamen
521 1149 617 1196 vertitur
638 1149 708 1209 hujus
726 1146 797 1210 primi

121 1212 250 1274 temporis:
268 1212 421 1276 quiquidem
432 1212 600 1276 exspectatione
610 1220 724 1275 torqueor.
750 1210 796 1258 Sed

120 1276 205 1322 omnic
215 1285 269 1323 ante
278 1289 320 1324 nos
331 1277 435 1324 sciemus.
449 1277 540 1324 Eodem
551 1276 613 1323 enim
624 1276 662 1322 die
668 1275 733 1323 video
744 1275 796 1322 Cae-

122 1353 200 1386 sarem
211 1356 225 1387 a
237 1340 339 1388 Corfinio
354 1349 406 1404 post
421 1340 540 1387 meridiem
555 1340 690 1402 profectum¹
700 1355 757 1399 ecee,
771 1339 796 1386 id

122 1410 168 1459 est,
183 1404 313 1462 Feralibus,
332 1420 379 1468 quo
396 1405 497 1453 Canusio
511 1417 580 1451 mene
594 1403 741 1466 Pompeium.
758 1403 796 1451 Eo

121 1467 195 1515 modo
211 1477 288 1517 eutem
303 1469 408 1526 ambulet
425 1468 511 1528 Cesar,
522 1476 545 1515 et
555 1467 583 1514 iie
599 1467 676 1515 diariis
691 1468 794 1515 militum

122 1531 264 1603 celeritatem
279 1533 368 1593 incitet,
380 1541 407 1580 ut
418 1533 521 1589 timenti,
533 1546 562 1579 ne
573 1531 639 1580 citius
650 1531 679 1580 ed
690 1525 794 1580 Brundi-

16 1633 19 1648 ‚
122 1608 196 1655 orum,
208 1611 279 1659 quum
290 1613 349 1660 opus
359 1598 397 1656 sit,
409 1597 533 1645 occesserit

157 1659 237 1719 Dices,
248 1661 313 1720 Quid
324 1662 395 1725 igitur
407 1662 506 1726 proficis,
524 1662 564 1726 qui
580 1662 689 1726 anticipes
700 1663 750 1722 ejus
761 1663 794 1710 rei

122 1724 262 1782 molestiam,
278 1741 350 1788 quem
368 1727 444 1774 triduo
462 1727 560 1774 sciturus
575 1727 624 1774 ris?
641 1727 709 1773 Nihil
728 1728 794 1789 equi-

123 1784 186 1832 dem.
203 1787 249 1834 Sed
261 1791 299 1844 (ut
309 1804 379 1849 cupre
388 1789 448 1848 dixi)
459 1797 535 1836 tecum
545 1790 683 1851 perlibenter
692 1792 775 1852 loquor
784 1810 791 1839 ε

126 1855 151 1894 et
164 1849 232 1894 simul
243 1850 308 1907 scito,
325 1851 403 1898 labare
418 1865 498 1898 meum
511 1851 633 1898 eonsilium
645 1852 712 1911 illud,
730 1855 793 1916 quod

126 1910 180 1957 setis
193 1912 243 1971 jttm
261 1912 336 1958 fixum
350 1913 476 1961 videbatur.
500 1913 557 1961 Non
573 1914 632 1962 mibi
645 1915 698 1962 setis
715 1917 792 1965 idonei

126 1986 181 2022 eunt
195 1983 297 2022 auctores
316 1975 342 2036 ii,
359 1976 401 2040 qui
418 1993 432 2024 e
451 1985 474 2023 te
490 1979 631 2058 probantum
649 1980 712 2041 quod
729 1982 791 2028 enim

43 2072 46 2080 .
126 2054 229 2103 unquam
244 2055 322 2088 eorum
334 2039 359 2087 in
374 2056 399 2087 re
414 2040 508 2104 publica
517 2041 576 2088 forte
585 2041 672 2089 fectum
683 2045 790 2094 exstitit?

124 2113 164 2152 aut
174 2103 226 2168 quie
237 2106 267 2152 ab
281 2104 317 2152 his
331 2105 405 2152 ullam
416 2105 545 2152 rem-laude
555 2105 649 2167 diguam
660 2106 791 2156 desideret?

124 2169 175 2217 Nec
184 2169 334 2229 (mehercule)
342 2169 470 2217 laudandos
478 2168 592 2228 existimo,
601 2169 642 2232 qui
649 2177 789 2234 trmsruere

124 2233 177 2280 belli
187 2233 283 2296 parendi
294 2233 370 2292 ceusd,
381 2234 477 2299 profecti
488 2241 558 2288 euut3
576 2238 730 2297 (quemquem
740 2236 789 2286 haec

125 2297 214 2345 ferendo
221 2313 268 2346 non
278 2307 343 2346 erent
350 2307 369 2358 ε)
380 2299 446 2348 video
451 2297 524 2355 euim,
532 2307 645 2360 quantum
656 2298 680 2345 ld
692 2301 789 2361 bellum,

127 2371 221 2426 etquam
230 2362 372 2425 pestiferum,
379 2364 485 2412 futurum
495 2361 538 2408 uit:
551 2362 591 2409 sed
599 2377 637 2410 me
644 2373 721 2412 movet
727 2381 789 2414 unus

126 2429 171 2485 rir3
187 2429 253 2488 cujus
260 2427 369 2490 fugientis
380 2443 465 2488 comes,
476 2427 642 2492 rempublicam
652 2444 791 2492 recuperan-

128 2492 242 2553 insenius,
254 2492 488 2545 videoressedebere.
605 2515 607 2520 ’

155 2557 259 2607 Totieene
277 2557 348 2622 igitur
364 2559 500 2607 sententiun
515 2560 612 2608 muas?
628 2557 681 2619 ugo
700 2567 785 2617 tecum,

129 2633 238 2689 umquem
256 2639 356 2686 mecum,
374 2625 463 2689 loquor.
490 2623 552 2683 Quis
565 2632 642 2672 eutem
657 2631 698 2683 est,
722 2625 786 2673 tanti
833 2637 836 2644 '
