1764 2942
199 154 249 204 AD
265 155 438 208 nnnlcunt.
455 157 515 208 Irin.
532 158 569 206 11.
585 159 626 206 22.
705 156 753 210 tm

85 280 154 330 illum
167 284 243 348 primo
257 299 311 333 eane
325 285 366 334 diu
380 285 455 334 multu
468 293 561 342 oontm
577 285 607 334 ad
623 291 753 332 exnernum

85 349 366 410 nutemmunusdedieee,
383 358 406 398 et
421 349 553 410 uffirmisoe,
570 349 754 398 nihileeuontrn

85 411 136 471 ejus
151 413 294 462 volumtatem
304 429 352 462 esse
361 414 484 463 facturum.

115 476 164 524 sed
173 486 252 540 pom
261 485 338 526 tamen
348 477 388 526 ille
398 494 444 527 non
458 477 544 526 destitit
555 475 584 525 de
594 475 659 524 nobie
673 489 750 540 neper-

84 537 144 587 rime
154 541 234 606 loqui:
252 542 315 606 quod
330 541 403 592 sinon
412 543 502 600 feneret,
513 541 620 589 tumenti
634 539 694 587 nihil
703 555 752 588 ore·

83 601 205 652 deremne:
222 614 292 670 atque
307 606 392 668 omniu,
412 605 749 668 sicutfacimus,pnrare1nns.

83 666 158 716 Nune
167 667 251 717 itenos
265 670 374 732 gerimus,
388 671 450 718 utin
461 671 508 718 dies
523 669 624 732 singulos
638 676 661 715 et
675 667 751 714 studia

83 729 108 776 in
122 745 166 780 noe
182 733 313 794 hominum,
326 741 348 782 et
361 750 415 798 opes
431 743 521 794 nootrae,
538 744 671 796 augeantur.
689 731 750 778 Rem
850 733 858 742 '
879 773 880 782 ,

82 795 202 856 publicum
212 797 277 844 nulli
287 807 387 862 exparte
397 799 532 861 attingimus
541 815 548 843 z
565 797 590 843 in
601 796 750 859 consistitque

82 857 108 904 in
118 858 162 908 illi
172 859 241 923 operi
255 862 332 910 nostrt
348 861 432 910 forensi
450 858 541 908 summi
556 859 752 908 industriiversa-

81 936 155 970 mur:
172 925 236 989 quod
246 925 343 988 egregie,
352 940 398 973 non
406 925 475 974 modo
483 925 510 972 iis
518 923 560 987 qui
567 931 664 971 utuntur
672 920 749 986 operi,

80 985 122 1033 sed
133 987 205 1035 etiam
214 989 239 1036 in
253 989 345 1053 vulgus,
356 998 448 1053 gratum
462 1004 510 1037 ense
520 987 637 1036 sentimus.
657 985 750 1035 Domus

80 1051 225 1100 oelebmturz
244 1054 382 1102 occurritur:
400 1061 521 1102 renovetur
528 1051 638 1099 memoria
647 1050 752 1098 nonnula-

80 1116 135 1162 tue:
153 1116 229 1164 studio
239 1117 409 1180 signitionnturr
426 1117 451 1164 in
466 1131 517 1164 enm
527 1129 592 1178 spem
606 1113 750 1173 adducimur,

81 1187 109 1225 ut
119 1179 187 1228 nobie
198 1197 225 1228 ea
235 1181 356 1242 eontentio,
368 1197 421 1244 quae
431 1179 556 1245 impendet,
572 1177 688 1226 interdum
703 1191 750 1225 non

79 1241 194 1306 fugiende
203 1244 313 1292 videntur.

100 1309 188 1356 .Nune
198 1309 257 1356 mihi
267 1317 290 1357 et
300 1308 398 1358 consiliis
407 1323 466 1371 opus
476 1316 510 1356 eut
525 1306 579 1364 tuis,
590 1314 614 1354 et
629 1319 715 1364 amore,
727 1311 751 1352 et

79 1369 134 1419 fide.
154 1371 242 1432 Quare,
251 1373 348 1421 advola:
367 1371 473 1436 expedita
482 1371 542 1419 mihi
552 1379 620 1418 erunt
633 1368 719 1430 omnin,
731 1368 751 1417 ei

80 1436 221 1484 tehabebn*
238 1437 318 1485 Multa
333 1452 374 1500 per
386 1437 512 1486 Varronem
525 1443 629 1483 nostrum
645 1433 683 1498 egi
697 1449 752 1508 poe·

79 1508 145 1558 eunt,
157 1516 218 1564 qun,
229 1509 253 1549 te
263 1510 366 1564 urgente,
377 1509 445 1549 erunt
454 1500 567 1556 firmium
579 1499 690 1546 multaab
700 1512 751 1561 rpeo

79 1563 169 1611 Publio
185 1565 244 1625 elici,
255 1565 330 1612 multa
345 1564 458 1628 cognosci,
475 1580 527 1629 quae
542 1563 585 1612 tibi
599 1563 687 1612 occulta
702 1577 750 1610 esse

78 1641 128 1675 non
139 1636 263 1692 potenrnt:
281 1629 355 1677 multa
365 1629 434 1676 etiam
445 1661 451 1676 .
463 1662 471 1676 .
482 1661 507 1676 ..
525 1628 571 1678 Sed
580 1628 705 1676 absurdum
716 1634 751 1675 eet

79 1690 174 1754 singula
189 1693 317 1757 explicere:
334 1702 385 1741 tum
396 1709 438 1756 ego
448 1693 564 1758 requiram
577 1701 600 1740 te
616 1692 646 1739 ed
662 1690 748 1739 omnin.

79 1755 165 1804 Unum
175 1755 234 1804 illud
244 1757 286 1805 tibi
296 1757 430 1820 persuadent
442 1759 519 1817 velim,
536 1757 615 1804 omnin
628 1755 687 1803 mihi
700 1755 749 1802 fore

78 1819 367 1883 explicamitevideror
385 1821 510 1869 sedtotum
520 1821 589 1868 eetin
602 1835 639 1880 eo,
654 1819 748 1878 oiante,

77 1899 153 1948 quarn
163 1883 448 1948 illeineetmagiotratum.
744 1890 747 1897 '

112 1948 185 2007 Puto,
203 1949 341 2014 Pompeium
361 1947 444 1998 Creten
459 1956 565 2010 urgente,
583 1946 603 1995 oi
620 1954 646 1993 tu
665 1944 746 2004 ederis,

77 2012 133 2074 (qul
142 2027 186 2075 per
194 2013 273 2064 βοωπυ
280 2029 310 2061 ex
319 2014 369 2077 ipso
377 2013 503 2076 intelligere
510 2011 591 2076 possis,
603 2009 650 2072 qni
662 2008 707 2056 fide
717 2010 747 2056 ab

76 2075 125 2124 inis
180 2084 228 2135 tur)
237 2091 287 2136 noe,
298 2085 339 2124 eut
349 2077 397 2124 sine
410 2075 523 2134 molestie,
535 2082 576 2122 aut
589 2082 648 2122 oerte
656 2073 704 2120 sine
712 2087 748 2120 er·

77 2155 138 2199 rore,
175 2149 244 2188 turos.
262 2141 370 2190 Precibus
379 2141 459 2188 nostris
467 2149 490 2187 et
498 2138 650 2188 cohortatione
658 2151 704 2184 non
713 2136 749 2183 in-

76 2203 161 2267 digen:
180 2205 236 2268 quid
252 2219 305 2254 men
318 2205 432 2264 voluntas,
449 2204 506 2269 quid
522 2211 622 2266 tempus,
642 2201 698 2266 quid
714 2202 748 2250 rei

77 2268 215 2332 magnitudo
225 2271 331 2334 postulet,
343 2269 458 2332 intelligis.
732 2283 733 2288 ’

111 2333 183 2381 Dere
190 2335 284 2396 publici
294 2333 353 2382 nihil
362 2335 435 2382 habeo
445 2333 475 2380 nd
486 2339 508 2380 te
518 2331 623 2392 seribere,
631 2330 675 2379 uisi
684 2345 747 2380 eum·

78 2411 147 2444 mum
157 2397 237 2445 odium
244 2398 348 2446 omnium
356 2397 477 2446 hominum
485 2397 510 2443 in
518 2413 555 2445 eos
579 2397 604 2444 ui
612 2403 689 2444 tenent
697 2409 747 2442 om-

78 2460 131 2508 nia:
150 2461 283 2510 mutationis
294 2471 369 2511 temen
380 2479 431 2526 spes
441 2462 512 2509 nulln.
583 2493 592 2519 ,
608 2459 670 2523 quod
680 2457 746 2505 facile

79 2525 171 2584 sentino,
197 2526 266 2574 toedet
291 2525 368 2590 ipsum
387 2525 534 2590 Pompeium,
558 2525 748 2582 vehementerque

78 2589 182 2650 prenitet.
199 2589 254 2638 Non
264 2589 372 2653 provideo
382 2590 444 2647 sutis,
456 2603 525 2652 quem
537 2588 625 2635 exitum
641 2585 747 2632 futurum

78 2660 174 2714 putem:
193 2653 233 2702 ned
243 2663 303 2702 uerte
313 2653 418 2703 videntur
429 2653 478 2701 hoeo
488 2651 566 2714 aliquo
577 2655 699 2710 eruptum.
