1784 2944
104 177 137 236 oe
220 183 271 232 ao
286 181 465 232 nrvnusos.
483 163 544 230 nus.
560 161 659 230 xvii.

107 311 219 364 uicesimo
235 319 258 360 et
272 311 427 360 munitissimo
441 311 500 372 loco,
513 313 543 360 eb
558 310 633 375 iisque
642 309 780 360 incoleretur

108 379 149 444 qui
160 392 189 424 ne
199 378 291 441 regibus
306 376 401 440 quidem
411 391 516 440 unquam
529 377 673 440 puniissentt
691 390 747 424 eum
758 384 781 424 et

108 442 217 506 fugitivos
228 441 361 506 reciperent,
373 450 396 488 et
410 441 551 488 Parthorum
562 441 687 488 adventum
698 441 783 488 acerri-

109 523 148 556 me
158 515 332 570 exspectarent3
349 505 380 553 ad
393 505 586 554 existimationem
602 504 695 568 imperii
711 505 784 580 perti-

110 587 164 620 nere
178 571 301 619 arbitratus
315 586 376 631 sum,
388 569 537 634 comprimere
550 583 629 617 eorum
643 569 783 628 audactam

111 639 158 702 quo
168 635 258 684 facilius
269 635 338 683 etiam
349 643 481 683 ceterorum
493 633 574 696 animi,
581 633 623 697 qui
629 633 699 682 ulieni
709 643 786 684 essent

111 703 140 750 ab
151 700 248 764 imperio
258 708 344 758 nostro,
355 699 522 762 frangerentur.

144 765 215 813 Vallo
232 773 255 813 et
268 763 330 812 fossis
344 763 497 812 circumdedi:
514 777 555 810 sex
566 761 673 822 castellis,
692 763 785 813 tasum

111 846 157 896 que
167 827 284 888 maximis,
297 829 371 894 sepsi:
389 843 479 891 aggere,
486 827 567 888 vineis,
574 827 685 887 turribus,
693 843 787 905 oppug-

111 895 180 942 navit
197 909 299 958 ususque
311 893 430 940 tormentis
446 892 536 952 multis,
554 891 634 940 multis
652 893 786 955 sagittariis,

112 973 198 1023 magno
208 959 286 1006 labore
293 956 585 1016 meo,stneu11tmolestit
595 964 703 1004 sumtuve
714 958 788 1006 socio·
881 1009 882 1014 ,

112 1039 175 1082 rum,
193 1024 291 1087 septimo
305 1020 496 1088 qulnquugebimo
510 1021 547 1068 die
559 1035 609 1069 rem
626 1021 731 1079 conieci3
749 1030 786 1084 ut,

112 1089 220 1138 omuibus
231 1088 335 1152 pertibus
345 1087 409 1135 urbis
417 1085 548 1134 disturbatis
556 1093 597 1133 eut
606 1085 713 1148 incensis,
722 1101 788 1134 com-

113 1153 175 1218 pulsi
185 1153 210 1201 in
220 1161 357 1218 potestatem
366 1167 444 1200 meum
455 1149 605 1215 pervenirent

147 1217 193 1266 His
212 1225 276 1266 erent
293 1217 387 1264 finitimi
403 1216 454 1280 pari
468 1215 550 1264 scelere
566 1223 590 1262 et
604 1212 700 1263 audacii
712 1213 791 1264 Tiba-

113 1283 179 1330 ranir
196 1284 226 1330 ab
236 1282 281 1339 his,
298 1281 433 1329 Pindenisso
447 1287 522 1344 cepto,
534 1278 623 1328 obsides
637 1278 729 1344 occepi:
748 1297 791 1330 ex-

114 1347 211 1395 ercitum
225 1345 251 1393 in
268 1345 364 1394 hiberna
374 1345 458 1392 dimisi.
476 1345 507 1404 Q.
518 1343 613 1392 statrem
625 1343 718 1408 negotio
729 1361 791 1408 prae·

113 1411 188 1474 posui,
201 1419 227 1457 ut
237 1410 262 1456 in
273 1409 337 1470 vicis,
349 1417 389 1456 aut
400 1409 472 1473 captis
482 1418 523 1457 aut
538 1409 600 1457 male
614 1408 711 1474 pacatis,
723 1425 792 1458 exer·

117 1475 176 1523 citus
187 1475 342 1521 collocaretur.

148 1539 228 1597 Nunc,
240 1537 318 1598 velim,
335 1537 378 1586 tibi
393 1537 424 1586 sic
437 1537 582 1601 persuadeas,
600 1537 620 1586 si
634 1537 710 1586 dehis
720 1541 792 1588 rebus

116 1603 146 1651 ad
165 1610 269 1650 senatum
288 1601 386 1650 relatum
405 1602 443 1661 sit,
459 1617 497 1650 me
514 1602 709 1663 existimaturum,
725 1619 792 1652 sum.

116 1681 181 1714 mam
191 1667 250 1713 mihi
260 1666 354 1714 laudem
370 1666 490 1726 tributam,
505 1667 525 1714 si
542 1675 568 1714 tu
584 1668 696 1728 honorem
708 1683 792 1716 meum

117 1728 228 1779 sententid
238 1729 280 1778 tui
290 1731 452 1794 comprobiris.
470 1732 554 1794 quue,
565 1731 608 1778 etsi
619 1732 704 1781 talibus
714 1733 744 1780 de
754 1750 793 1782 re-
881 1755 882 1762 ¹

117 1799 161 1844 bus
178 1795 324 1859 gravissimos
337 1795 442 1844 homines
460 1805 483 1843 et
494 1811 574 1858 rogare
591 1796 662 1844 solere
676 1805 698 1844 et
714 1799 793 1862 rogari

117 1860 173 1919 scio,
185 1869 263 1908 tamen
280 1859 452 1908 admonendum
465 1860 541 1925 potius
553 1869 575 1908 te
585 1875 600 1907 e
610 1875 656 1920 me,
668 1876 742 1925 quam
753 1878 791 1910 ro-

117 1925 230 1989 gandum,
241 1933 306 1990 puto.
324 1925 365 1972 Tu
376 1941 399 1974 es
410 1925 472 1972 enim
482 1924 511 1986 ie,
521 1925 562 1988 qui
569 1939 608 1972 me
616 1925 662 1972 tuis
672 1919 793 1976 sententiis

118 1989 243 2066 saepissime
259 1989 363 2047 omitti3
380 1989 422 2054 qui
437 1985 546 2048 oratione,
562 1989 604 2054 qui
620 1989 793 2108 praedicationne(1

118 2071 160 2118 qur
173 2055 271 2103 summis
287 2055 396 2102 laudibus
408 2055 433 2101 in
448 2062 537 2114 senem,
552 2053 578 2101 in
588 2055 744 2116 concionibus,

118 2120 202 2167 coelum
214 2119 332 2176 extulisti3
350 2121 416 2194 cuius
426 2133 469 2182 ego
480 2134 569 2182 semper
579 2125 644 2166 tanta
654 2133 703 2167 esse
711 2123 794 2178 verbo-¹

118 2183 727 2311 umdebiiffieiinltiiiilssbiiiiilm
739 2200 794 2246 ¹¹¹⁹*

151 2309 188 2358 Te
198 2310 298 2373 denique
308 2311 413 2370 memini,
422 2327 476 2359 cum
487 2311 579 2360 cutam
587 2311 713 2361 clarnsmo
723 2321 794 2380 atque

118 2373 207 2438 optimo
224 2373 273 2422 viro
288 2375 478 2438 supplicationem
492 2390 540 2424 non
553 2375 693 2438 decerneres,
708 2377 791 2440 dicere,

119 2445 143 2486 te
153 2438 307 2499 decreturum,
319 2439 338 2487 si
348 2440 470 2488 referretur
479 2442 509 2488 ob
520 2457 558 2488 eus
568 2455 603 2488 res
614 2442 702 2504 quasis
713 2445 794 2496 consul

119 2501 145 2549 in
155 2503 221 2552 Urbe
231 2502 342 2565 gessisset
359 2504 400 2552 Tu
410 2504 472 2552 idern
481 2505 540 2552 mihi
550 2505 742 2568 supplicationem
753 2509 794 2564 de·¹

120 2567 210 2615 crevisti
220 2575 306 2630 togato,
315 2582 362 2616 non
373 2571 410 2623 (ut
420 2568 510 2628 multis)
519 2585 544 2616 re
551 2567 644 2632 publici
651 2571 710 2622 bene
719 2574 793 2634 gesta,

121 2631 160 2678 sed
171 2635 209 2686 (ut
219 2631 317 2691 nenuni)
334 2633 452 2696 republica
471 2632 610 2682 conservati
628 2633 710 2695 Mitto,
730 2638 793 2699 quod

120 2694 240 2758 invidium,
252 2695 315 2760 quod
332 2697 441 2760 pericula,
453 2697 516 2760 quod
529 2711 608 2745 omnes
619 2711 683 2746 meas
694 2707 793 2766 temper.
