1784 2944
209 138 261 188 AD
277 138 454 203 umissos
472 141 532 190 lara.
549 141 606 192 XV.
623 146 646 190 θ.
726 145 757 190 9⁵

113 267 260 317 heremum
274 267 334 316 illud
346 276 390 328 eet,
401 277 437 328 ut,
447 269 513 334 quasi
527 269 633 320 diffidens
643 269 756 334 rogationi

83 348 149 393 mea,
168 331 343 397 philosophiam
357 333 388 380 ad
402 341 425 380 te
438 335 553 397 allegem
574 336 622 398 quia
636 349 679 382 neo
696 334 756 382 mibi

80 398 151 446 serim
166 396 218 444 ulla
235 413 340 460 unquam
355 413 390 445 ree
404 397 429 444 in
444 398 491 446 virs
505 399 558 458 fuit,
574 415 616 448 nec
631 399 755 448 horinum

79 462 157 526 generi
168 462 248 524 majus
263 477 278 509 a
292 461 344 510 Diis
354 477 440 510 munus
452 464 528 510 ullum
542 473 576 512 est
589 464 676 512 datum.
694 464 754 512 Hac

79 527 160 591 igitur,
183 542 239 589 quse
261 527 321 574 mihi
342 535 418 574 tessun
443 529 572 576 eommunis
597 537 639 588 est,
661 528 757 578 societas

79 591 211 640 studiorum
226 599 296 654 atque
309 590 396 638 artium
411 599 540 639 nostrarum
558 593 652 655 (quibus
666 609 682 640 a
728 608 753 642 e·

81 655 134 703 sitit
145 653 253 703 delitiae
264 654 371 714 devincti,
378 655 421 703 soli
427 656 594 719 propemodum
602 672 644 705 nos
654 609 754 722 phimo-

80 719 163 783 phiam
182 719 248 766 illam
268 735 345 767 veram
362 726 385 766 et
402 720 531 784 antiquam,
546 737 599 784 quae
614 721 753 785 quibusdam

79 785 120 832 otii
130 798 182 831 esee
192 799 220 830 ac
230 783 323 832 desidiae
333 783 432 844 ridetur,
446 784 471 831 in
481 784 559 832 forum
576 802 590 833 a
616 801 645 834 ue
660 786 685 832 in
702 801 751 834 rem

78 848 209 912 publicam,
221 855 291 912 atque
300 848 325 895 in
342 848 417 911 ipsam
427 849 499 896 eciem
515 795 751 912 ponetieduximus)

78 921 157 960 terum
168 913 218 976 agit
227 912 257 960 de
271 912 324 960 mel
335 911 420 969 loude3
437 913 474 960 oui
490 914 568 988 negari
583 931 597 962 a
612 915 700 962 Catone
716 915 752 963 fas

78 993 125 1025 esse
135 991 184 1025 non
194 985 260 1039 puto.
276 975 435 1036 Quamobrem
449 977 492 1025 tibi
508 993 540 1026 ere
556 978 700 1042 persuadeas,
712 995 752 1028 ve-

78 1041 138 1089 lim:
156 1040 178 1088 si
192 1040 252 1088 mihi
269 1041 311 1088 tui
323 1041 435 1089 sententis
452 1042 552 1090 tributus
563 1042 636 1090 honos
649 1057 679 1090 ex
693 1044 751 1092 meis

78 1105 150 1154 literis
161 1104 240 1164 fuerit,
252 1121 290 1153 me
303 1105 335 1153 sie
345 1105 540 1163 existimaturum,
552 1121 607 1154 cum
617 1107 751 1156 auctoritate

78 1170 128 1230 trib,
140 1178 194 1218 tum
204 1169 362 1218 benevolentia
373 1185 426 1232 erge
436 1185 483 1232 me,
494 1169 562 1230 mihi,
575 1170 638 1233 quod
648 1171 751 1220 maxime

79 1234 202 1300 mpierim,
214 1233 340 1298 contigisse
358 1234 426 1283 Vale.

128 1432 184 1493 (5.)
200 1430 239 1480 Μ.
256 1430 350 1481 cluo
367 1429 405 1481 M.
413 1431 445 1481 Τ.
454 1430 481 1480 C.
493 1429 567 1479 IMP.
584 1430 608 1480 S.
618 1429 646 1479 Ρ.
655 1431 688 1479 D.

108 1561 306 1624 (Argumentum
320 1588 353 1598 -
365 1561 469 1610 Excusat
484 1577 516 1619 se,
529 1561 591 1624 quod
602 1562 749 1627 supplicatio-

78 1641 132 1675 nem
150 1641 198 1674 non
216 1625 353 1675 decreverit:
370 1634 394 1674 et
414 1635 492 1674 tamen
512 1626 626 1674 decretam
644 1627 746 1690 gaudem
788 1660 790 1668 s

78 1706 148 1756 reque
164 1690 351 1740 honorificentius
367 1690 422 1738 dicit
440 1690 542 1750 semisse,
560 1706 632 1755 quam
650 1692 748 1756 eosqui

77 1755 270 1821 supplicationem
279 1755 443 1814 ἀκιειειιιιι.)

380 1845 447 1856 ..-

108 1884 183 1945 Quod
191 1893 214 1932 et
221 1883 356 1949 respublica
362 1899 401 1933 me
409 1893 432 1932 et
439 1893 517 1934 nostra
525 1885 625 1934 amicitia
632 1884 745 1944 hortatur,

77 1948 176 2024 libarter
190 1948 259 2008 fabio,
267 1957 298 2024 ’ut
315 1956 380 2024 tuam
390 1948 507 2024 virtutem,
519 1949 682 2024 innocentiam,
694 1949 748 1996 dili·

76 2013 746 2141 ffifflfflaffffi'affiffitiffiffi

76 2143 170 2206 Itaque,
181 2142 245 2206 quod
256 2157 298 2205 pro
308 2156 360 2190 meo
374 2141 462 2202 judicio
471 2142 544 2190 farere
556 2139 631 2216 potui,
642 2149 670 2188 ut
679 2141 746 2190 inuo-

75 2207 151 2255 oeutii
161 2206 302 2270 consilioque
317 2214 358 2253 tuo
371 2205 489 2254 defensam
503 2205 653 2270 provmoiem‚
670 2219 747 2256 serva·

73 2279 126 2320 tum
137 2269 303 2319 Ariobarzanis
317 2285 371 2318 eum
389 2269 438 2334 ipso
448 2286 501 2333 rege
511 2285 618 2334 regnum,
631 2269 745 2320 sociorum

72 2344 205 2386 motuum
224 2335 254 2382 ad
273 2334 377 2384 studium
396 2335 487 2398 imperii
503 2335 575 2384 nostri
593 2335 745 2397 voluntatem,

73 2400 188 2450 sententiis
202 2399 255 2448 mei
273 2408 296 2447 et
310 2399 398 2448 decreto
414 2399 541 2457 laudaram,
558 2399 608 2447 feci.
625 2399 747 2464 Supplica-

73 2465 161 2514 tionem
173 2464 289 2512 decretam
300 2463 378 2528 (situ,
390 2463 438 2526 qul
447 2464 472 2510 in
483 2479 508 2512 re
518 2464 577 2510 nihil
587 2463 690 2520 fortuito,
706 2464 746 2510 red

73 2529 168 2578 summi
178 2528 221 2577 tut
235 2528 323 2576 mtione
339 2536 361 2575 et
371 2527 519 2585 continentiis,
531 2527 661 2590 reipublicae
671 2525 748 2588 provi·

73 2609 127 2642 sum
138 2602 181 2654 est,
192 2591 246 2640 Diis
257 2591 426 2640 immortalibus
437 2591 546 2652 gratulari
557 2605 607 2648 nos,
618 2603 690 2652 quam
705 2586 748 2633 tibi

73 2659 156 2710 referre
168 2665 297 2720 acceptum,
308 2654 392 2712 mavis)
403 2654 499 2720 gaudeo.
