1784 2944
118 197 165 244 152
246 193 297 243 AD
312 189 486 241 ATTICUM.
503 191 564 239 lim·
579 192 601 238 1.
621 192 658 239 lt.

138 325 207 374 Tuus
217 332 295 374 sutem
305 321 346 369 ille
355 321 452 380 amicus,
464 321 539 375 (sci'n'
547 335 618 384 quem
626 321 703 370 dicam
713 325 737 381 l)
752 323 781 372 de

106 405 153 452 quo
164 397 189 438 tu
201 389 231 436 ed
242 403 280 435 me
291 385 407 449 scripsisti,
419 395 569 462 postesquem
579 399 626 432 non
637 385 733 434 auderet
745 403 781 436 re·

104 453 253 516 prehendere,
265 451 360 500 laudare
369 465 473 514 cmprsse,
485 464 526 498 nos
533 454 570 504 (ut
578 449 688 508 ostendit)
697 451 780 500 edmo-

104 518 162 564 dum
177 516 217 564 dil'
236 518 261 573 ἰ,
279 515 434 580 amplectitur,
453 524 524 573 amet,
538 523 615 578 aperte
627 514 724 572 leudam
742 532 780 564 oc·

104 582 173 639 culte,
185 598 195 628 s
236 578 269 628 ite
279 590 306 628 ut
333 579 463 643 erepicuum
472 579 510 638 sit,
517 579 611 627 invidet.
629 578 697 626 Nihil
704 596 779 636 come,

104 645 163 692 nihil
174 646 280 708 simplex,
310 645 315 655 ’
334 643 351 691 il
364 663 383 690 ιν
394 661 437 696 τοις
447 652 570 696 schirrum
579 644 712 703 honestum,
719 645 780 693 nihil

104 709 201 766 illustre,
213 709 272 757 nihil
282 709 349 766 forte,
361 707 420 754 nihil
429 707 537 754 liberum,

137 771 796 837 Sedhaoadtesoribamalisssubtiliusrnamneque,

103 838 179 886 adhuc
195 838 252 886 mihi
270 838 324 886 setis
338 845 392 884 nota
403 844 471 883 sunte
489 845 511 884 et
521 836 575 884 huic
586 845 652 884 terre
662 836 719 894 lilio,
738 852 780 886 ne-

104 903 152 1014 sciq
166 903 211 963 cui,
229 902 371 952 committere
386 900 506 964 epistolam
517 900 586 947 tande
603 899 632 948 de
648 903 718 948 rebus
729 917 777 952 non

105 982 135 1014 ou
152 983 186 1014 eo.

138 1031 268 1080 Provincias
280 1039 387 1095 praetores
404 1030 508 1077 nondum
519 1029 592 1077 sortiti
602 1038 672 1077 eunte
690 1046 727 1078 res
738 1047 778 1080 eo-

103 1095 156 1144 dem
168 1105 202 1144 est
211 1096 263 1155 looi,
275 1113 322 1160 quo
332 1094 451 1158 reliquisti.
467 1094 605 1153 Toreisrno,
614 1109 686 1157 quam
694 1105 777 1158 postu·

102 1159 147 1218 las,
163 1161 250 1210 Miseni
262 1169 284 1208 et
295 1159 453 1216 Puteolorum,
466 1157 584 1205 includam
601 1158 699 1206 orationi
709 1175 778 1208 inere.¹

102 1225 136 1272 A.
147 1226 170 1273 d.
183 1225 225 1274 111
237 1225 299 1274 Non.
311 1225 450 1272 Decembres
465 1222 574 1270 mendose
588 1221 658 1270 fuisse
668 1224 777 1272 airhrsad.

103 1298 222 1338 verteram.

133 1354 195 1412 Quae
204 1354 285 1402 landas
295 1369 325 1400 ex
335 1351 482 1408 orationibus,
490 1349 548 1398 mihi
556 1351 630 1410 crede,
638 1351 706 1400 valde
713 1354 775 1402 mihi

6 1451 7 1480 ι
101 1418 236 1479 placebante
253 1417 292 1465 sed
309 1431 356 1464 non
374 1415 488 1463 audebam
508 1423 575 1462 entea
592 1415 673 1464 dicere.
699 1418 773 1467 Nunc

100 1496 163 1538 vero,
175 1481 260 1544 quoda
270 1490 292 1528 te
302 1482 398 1554 probate·
409 1489 472 1537 aunt,
478 1479 618 1554 multo-mihi
626 1488 773 1555 Areonesrspoe

100 1544 213 1592 videntur.
231 1543 774 1609 InillemoretsonemMetelhnsnreddrdiquae-

7 1619 8 1626 ¹
100 1608 162 1655 dam.
186 1609 257 1656 Liber
267 1608 310 1655 tibi
324 1607 446 1665 mittetur3
464 1608 572 1671 quonism
588 1617 687 1656 teamor
697 1612 772 1659 nostri

7 1737 8 1755 χ
101 1671 351 1733 qtthopnropotretldidit·
446 1709 448 1712 -

132 1735 194 1783 Novi
205 1736 247 1783 tibi
257 1736 368 1800 quidnam
380 1735 498 1784 scribam?
515 1736 591 1800 quid?
607 1736 684 1784 etiarn.
703 1738 770 1788 Mes·

8 1825 9 1866 ;
97 1800 147 1846 sals
158 1800 239 1848 consul
253 1800 424 1848 Autronianam
439 1801 535 1848 domum
551 1801 608 1849 emit
623 1801 666 1850 HS
679 1803 770 1854 CCCC

98 1864 236 1913 XXXVII.
253 1865 318 1925 Quid
329 1865 353 1912 id
363 1864 393 1912 ed
403 1869 458 1912 me?
469 1865 566 1928 inquies.
582 1865 696 1927 Tantum,
704 1870 770 1931 quod

97 1929 125 1976 ed
142 1929 241 1978 emtione
258 1938 281 1978 et
296 1945 338 1977 nos
354 1931 413 1977 bene
426 1929 508 1976 emisse
521 1929 618 1990 judicati
631 1945 727 1990 sumus3
746 1941 769 1982 et

96 1991 201 2042 homines
211 1995 337 2058 intelligere
345 2011 378 2043 coe
395 2002 469 2051 erunt,
478 1994 546 2041 licere
556 1994 682 2042 andoorum
693 1996 769 2044 facul-

96 2058 182 2107 tatibus
192 2060 216 2107 in
228 2059 366 2108 emendosd
393 2059 398 2070 '
433 2058 510 2106 'tatem
521 2059 624 2122 aliquem
638 2061 766 2122 pervenire.

96 2121 192 2170 Teucris
202 2125 243 2172 illa
252 2125 342 2172 lenmm
352 2122 471 2186 negotium
481 2130 532 2178 estt
549 2123 589 2170 sed
603 2131 681 2171 tamen
696 2133 730 2172 est
740 2126 766 2173 in

94 2199 143 2248 spe.
166 2187 206 2233 Tu
216 2189 260 2236 ista
270 2189 362 2236 oonlioe
385 2187 410 2236 A
427 2187 492 2234 nobis
504 2187 633 2236 liberiorem
644 2188 766 2252 epistolam

10 2307 11 2310 Ἴ
95 2258 208 2312 exspecta·
225 2253 263 2300 VI
279 2251 374 2300 Calend.
387 2251 455 2300 Febr.
470 2251 508 2299 M.
523 2251 627 2300 Messall
636 2260 660 2300 et
670 2253 708 2300 M.
724 2254 768 2300 Pi.

10 2317 11 2370 l
95 2325 150 2360 sone
160 2314 298 2361 oonsulibus.

222 2502 291 2562 (n.)
313 2502 442 2553 cronno
457 2505 591 2557 Anmoo
607 2507 633 2556 s.

123 2629 378 2694 verennepusrnn
389 2631 565 2681 sisennas
583 2643 615 2692 te,
634 2605 763 2700 quem'nm

92 2703 229 2758 ”eupatore
247 2695 372 2744 sedimen
382 2695 515 2757 distinebat,
523 2698 766 2752 uthuievixuntule
