1784 2944
139 177 186 232 170
270 177 321 224 AD
336 177 511 226 ATTICUM.
529 175 590 224 lna.
604 175 626 222 1.
645 173 682 222 19.

136 305 264 368 Pompeiae
277 321 330 369 quae
338 305 397 354 nihil
405 305 517 371 populare
522 305 631 364 habebat,
639 310 724 367 praeter
736 311 813 351 aucto-

135 385 192 418 rem.
209 371 248 418 llx
259 371 303 418 hac
318 385 361 434 ego
371 372 431 434 lege,
443 371 543 418 secunda
554 369 668 417 concionis
679 369 808 426 voluntate,

135 434 214 482 omnia
231 435 349 493 tollebam,
365 451 418 499 quae
435 435 465 482 ad
478 436 620 498 privatorum
634 433 811 480 incommodum

135 498 296 614 Kartinebant:
313 500 439 548 liberabam
451 515 532 562 agrum
541 515 603 556 eum,
616 498 666 562 qui,
676 497 706 544 P.
719 497 810 557 Mucio,

162 596 168 608 .
181 562 308 626 Calpurnio
319 565 458 623 consulibus,
470 564 577 627 publicus
587 562 684 610 fuisset:
704 562 813 609 Sullano-

137 641 191 674 rum
201 627 323 676 hominum
341 627 492 691 possessiones
502 628 668 676 confirmabam
678 643 685 672 z
703 625 813 673 Volater-

137 705 205 738 ranos
216 701 238 738 et
249 692 377 753 Arretinos,
389 707 489 756 quorum
499 707 583 754 agrum
595 691 661 739 Sulla
672 688 811 753 publicimt,

138 769 214 818 neque
222 755 337 818 diviserat,
348 757 373 804 iu
380 755 568 820 oudpoeaeeeione
579 755 720 804 retinebam:
740 769 814 802 unam

97 857 100 864 r
139 819 252 869 rationem
261 835 309 870 non
320 821 458 882 rejiciebam
470 830 498 870 nt
507 835 562 883 ager
577 821 621 868 hac
632 819 763 866 adventicii
772 834 815 882 pe-

139 884 340 946 annitamur,
352 901 405 949 quae
416 901 445 934 ex
455 885 521 933 novis
531 883 681 948 vectigalibus
692 899 735 947 per
746 883 815 947 quin·

140 949 269 1012 quennium
280 951 424 1014 reciperetur.

174 1013 238 1062 Huic
256 1015 298 1062 toti
317 1015 399 1062 rationi
417 1014 511 1078 agraria
531 1021 623 1062 serratus
641 1012 814 1070 adversabatur,

142 1078 268 1140 suspicans,
292 1079 404 1142 Pompeio
429 1093 513 1127 novam
535 1078 663 1190 quamdam
687 1075 816 1139 potentiam

143 1143 223 1207 quaeri.
247 1144 372 1207 Pompeius
390 1159 443 1192 vero
462 1143 492 1192 ad
513 1151 656 1192 vountatem
675 1140 817 1204 perferenda

142 1207 200 1269 legia
214 1209 355 1256 incubuerat.
373 1208 426 1270 Ego
441 1216 527 1267 autem,
545 1207 631 1270 magud
646 1221 702 1254 cum
716 1205 818 1268 agrario-

143 1287 197 1320 rum
211 1273 294 1334 gratid,
310 1271 475 1320 confirmabam
488 1271 592 1320 omnium
606 1270 751 1334 privatorum
766 1284 818 1332 poa·

143 1337 269 1384 eeaaioneee
288 1336 317 1390 (ia
330 1337 441 1384 enimest
457 1344 533 1384 noster
547 1335 668 1394 exercitus,
683 1332 818 1392 hominum,

144 1408 172 1446 ut
182 1407 231 1448 tute
242 1399 292 1459 scis,
309 1399 486 1463 locupletinmr)
503 1401 590 1463 populo
605 1407 692 1457 autem,
711 1406 735 1446 et
747 1397 819 1446 Pom-

144 1463 196 1526 peio
216 1467 282 1518 (nam
293 1463 319 1510 id
336 1479 429 1528 quoque
441 1465 557 1524 volebam)
573 1463 627 1512 satie
642 1463 758 1512 faciebam
771 1477 820 1510 em-

145 1527 217 1574 tione:
230 1527 278 1590 qul
284 1527 407 1576 comtitutd
413 1528 543 1592 diligenter,
551 1537 574 1576 et
580 1526 773 1576 sentinamUrbis
779 1541 821 1574 ex-

145 1589 242 1649 hauriri,
254 1599 276 1640 et
284 1591 359 1639 Italia
368 1592 516 1642 solitudinem
524 1591 536 1640 f
574 1592 672 1650 ueritati,
683 1605 752 1654 pome
761 1590 820 1638 urbi·

145 1656 229 1702 trahar.
249 1655 295 1702 Sed
300 1655 350 1704 haec
356 1664 404 1704 tota
410 1672 455 1716 rea,
463 1657 539 1720 interp
583 1657 684 1714 tabella,
691 1655 821 1704 refrixerat.

178 1717 290 1767 Metellus
298 1727 332 1767 eet
343 1720 423 1768 ooneul
434 1736 488 1770 eane
498 1724 589 1778 bonus;
607 1729 630 1770 et
639 1735 682 1768 noe
692 1719 821 1768 admodum

145 1780 230 1857 diligit.
245 1782 291 1832 Ille
299 1783 359 1832 alter
368 1783 402 1832 ita
412 1785 471 1834 nihil
481 1795 526 1848 eet,
534 1793 563 1834 ut
571 1785 649 1850 plane,
660 1784 719 1848 quid
730 1783 820 1842 emerit,

147 1856 240 1896 nacae.

180 1911 497 1978 Haecsuntintepublicd:
515 1913 560 1962 nisi
574 1912 716 1962 etiamillnd
731 1912 821 1962 adrem

147 1977 265 2040 publicam
273 1988 341 2042 putas
352 1978 474 2042 pertinere,
483 1978 630 2026 Herennium
638 1977 775 2042 quemdam,
783 1976 822 2024 tri·

147 2043 239 2091 bunum
245 2044 327 2106 plebis,
332 2043 442 2092 tribulem
448 2052 525 2101 tuum,
535 2057 589 2092 sane
596 2043 716 2090 hominem
722 2053 823 2105 nequam

148 2105 823 2236 lddd‘dffl’ssbimdidtfflffldffi

184 2233 256 2293 [Hac
266 2243 330 2293 aunt,
339 2244 367 2284 ut
372 2235 462 2299 opinor,
470 2237 495 2283 in
503 2252 528 2284 re
536 2235 651 2300 publici]
669 2233 724 2297 Ego
734 2243 823 2292 auteur,

150 2303 178 2342 ut
195 2299 268 2346 eemel
284 2300 408 2346 Nonarum
422 2300 516 2348 illarum
531 2299 708 2357 Decembrium,
719 2300 825 2360 junctam

46 2370 48 2379 ¹
150 2357 239 2408 invidia
249 2376 276 2408 ac
285 2361 414 2410 multorum
427 2363 562 2424 inimicitiis,
573 2363 684 2412 eximiam
698 2363 825 2426 quamdam

153 2429 224 2484 atque
234 2424 391 2472 immortalem
401 2425 499 2488 gloriam
509 2437 644 2476 consecutus
654 2442 718 2487 sum,
729 2441 778 2474 non
789 2425 827 2475 de-

100 2507 103 2512 *
154 2485 205 2534 atili
215 2485 296 2534 eidem
306 2487 379 2540 animi
388 2491 548 2552 magnitudine
558 2493 584 2540 in
594 2507 619 2540 re
629 2491 724 2554 publicai
734 2489 827 2546 veruti,

156 2556 179 2596 et
197 2549 263 2597 illam
280 2550 409 2600 instimtam
426 2569 453 2601 ac
468 2565 597 2618 susceptam
610 2555 751 2618 dignitatem
764 2553 828 2606 tueri·
880 2573 881 2590 r

162 2614 217 2675 Μ’
228 2622 378 2677 1¹⁰⁸i⁸³⁸⁴luam
393 2615 496 2678 primunr
507 2618 583 2668 Clodii
593 2619 738 2668 absolutione
752 2617 830 2667 letita-

155 2686 204 2725 tem
222 2677 427 2742 infirmitatemque
441 2681 581 2742 judiciorum
599 2683 726 2746 perepexi;
750 2680 831 2730 deinde
