1784 2944
104 113 137 162 8⁶
217 109 267 160 AD
283 66 462 160 oqusos.
479 108 541 161 lars.
557 107 614 159 XV.
630 110 655 157 2.

105 241 200 290 lumitas
210 238 283 302 regni,
298 236 357 286 mihi
367 237 528 288 commerrdats
536 245 595 288 esset
604 253 619 285 a
628 235 705 297 rolris)
716 235 778 286 dice-

106 314 150 365 ret,
162 303 249 368 siquid
260 303 335 351 vellet.

139 370 200 429 Quoe
211 383 265 416 eum
276 383 348 414 essem
358 367 382 414 in
391 367 485 416 oonsilio
492 382 545 415 meo
552 382 606 416 cum
614 382 668 430 rege
678 367 778 426 locutus,

107 433 173 482 initio
190 433 230 480 ille
240 431 348 480 orationis
362 447 410 480 ussa
421 432 485 480 vobis
495 431 610 480 maximas
627 433 665 496 (ut
677 429 780 494 debuit),

108 497 191 546 deinde
208 493 279 544 eliani
291 495 358 554 mihi,
378 496 462 558 gratias
477 496 537 559 egit:
555 495 618 559 quod
635 495 656 544 ei
673 511 781 560 permag-

109 577 168 611 num
179 569 202 610 et
212 560 404 625 perhonorificum
415 560 543 620 ridebatur,
555 561 579 608 S.
587 561 616 608 P.
627 560 659 619 Q.
666 561 698 608 It
710 568 782 608 taotae

109 642 171 676 ourae
182 641 230 674 esse
241 626 339 673 salutem
347 640 430 678 suamr
447 633 627 688 mequetantarn
637 623 782 686 diligentiam

110 691 228 748 adhibere,
240 698 267 737 ut
277 698 300 737 et
310 704 363 736 mea
376 687 441 748 fides,
453 697 476 736 et
487 689 690 736 commendationis
700 697 783 737 resurr

111 755 243 813 auctoritas,
259 753 356 817 perspici
370 761 452 816 posset
469 753 551 816 Atque
564 753 604 800 ille
618 753 703 816 primo,
719 753 783 818 quod
882 777 883 782 =

112 820 172 870 mihi
188 819 297 868 maximae
310 817 396 864 laetitia
410 817 464 876 fuit,
478 818 511 865 ita
527 832 620 866 mecum
633 817 724 865 locutus
739 825 783 877 est,

113 893 142 933 ut
151 884 227 932 nullas
237 882 330 930 insidias
341 896 416 944 neque
424 881 540 940 vitasure,
548 897 624 946 neque
631 897 710 944 regno,
722 881 785 930 dice-

114 957 150 998 ret
160 963 185 996 se
195 955 236 995 aut
246 947 373 1010 intelligere
385 945 442 1006 lieri,
454 946 575 994 autetiam
590 945 707 1009 suspicari.
722 945 787 995 Gom

115 1029 158 1078 ego
177 1013 200 1060 ei-
211 1013 341 1076 gratulatus
360 1026 441 1071 essem,
458 1010 528 1074 idque
544 1026 582 1058 me
597 1009 697 1072 gaudere
714 1010 788 1058 dixis·

116 1094 185 1135 sem3
201 1078 339 1134 cohortatus,
353 1084 380 1122 ut
397 1074 551 1123 recordaretur
570 1090 648 1123 casum
661 1075 734 1126 illum
750 1074 789 1123 in-

117 1143 198 1192 teritus
212 1141 309 1207 paterni,
324 1148 347 1188 et
361 1139 482 1204 vigilanter
497 1155 522 1188 se
538 1147 649 1199 tueretur,
664 1148 734 1204 atque
741 1139 791 1186 ad·

118 1207 209 1257 monitu
227 1208 317 1255 senatis
335 1206 462 1254 consideret
478 1204 547 1252 saluti
564 1219 628 1261 suae3
645 1211 698 1252 tum
717 1218 732 1251 a
750 1216 791 1252 me

119 1271 221 1322 discessit
231 1271 256 1318 in
266 1269 378 1337 oppidum
390 1268 504 1332 Cybistra.

155 1337 250 1384 Postero
260 1344 337 1382 autem
349 1333 395 1393 die,
407 1349 461 1380 cum
471 1333 603 1393 Ariarathe,
620 1331 690 1381 fratre
705 1348 757 1392 suo,
768 1340 793 1382 et

121 1415 177 1451 eum
186 1399 287 1463 paternis
298 1397 386 1456 amicis,
396 1398 521 1458 majoribus
528 1405 593 1458 natu,
602 1397 632 1445 ad
638 1412 677 1444 me
686 1397 712 1445 in
720 1407 795 1446 casua

123 1463 200 1514 venite
218 1463 410 1527 perturbatusque
420 1470 443 1508 et
457 1461 523 1522 flens,
541 1477 595 1510 eum
606 1461 667 1509 idem
683 1469 707 1509 et
723 1461 796 1510 frater

122 1528 215 1586 iaceret,
226 1535 249 1574 et
260 1525 336 1584 amici,
348 1540 424 1572 meam
439 1525 518 1586 fidem,
530 1535 629 1574 vestram
645 1525 795 1575 commenda-

123 1593 219 1649 tionem,
231 1589 354 1652 implorare
364 1589 438 1652 coepit.
456 1591 518 1638 Cum
526 1590 659 1650 admirarer,
666 1591 724 1655 quid
734 1591 795 1639 aeci·

124 1656 194 1704 disset
204 1654 266 1714 novi,
278 1653 345 1713 dixit,
355 1653 384 1700 ad
391 1669 415 1702 se
424 1654 508 1703 indicia
516 1655 689 1703 manifestarum
699 1655 796 1704 insidia·

124 1735 178 1768 rum
195 1734 242 1767 esse
255 1718 338 1776 delata,
352 1734 405 1782 quae
418 1727 492 1766 essent
503 1728 556 1768 ante
572 1719 698 1768 adrentum
712 1735 796 1768 meum

124 1784 238 1832 occultata
246 1799 254 1840 ς
272 1781 335 1857 qupd
344 1783 369 1843 ii,
386 1783 429 1846 qui
439 1799 466 1832 ea
477 1783 603 1847 patefacere
612 1792 714 1847 possem,
724 1799 797 1848 prop·

125 1857 160 1898 ter
170 1856 259 1896 metum
270 1847 427 1896 reticuissent:
446 1864 472 1896 eo
483 1856 561 1896 autem
575 1856 686 1912 tempore,
697 1864 739 1912 spe
750 1849 805 1910 mei,

126 1913 235 1978 praesidii,
253 1912 382 1974 complures
394 1928 429 1973 ea,
445 1929 498 1976 quae
512 1912 602 1971 scirent,
615 1911 723 1961 audacter
732 1913 764 1961 ad
774 1927 799 1962 se

127 1978 252 2026 detrrlisser
270 1977 295 2023 in
310 1977 347 2024 his
358 1977 542 2026 amantissimum
553 1977 598 2035 sui,
610 1977 703 2025 summi
713 1978 800 2041 pietate

128 2043 261 2106 preditum,
279 2041 382 2100 funem,
399 2042 473 2090 dicere
490 2057 525 2102 ea,
545 2057 598 2106 quaa
613 2041 634 2089 is
650 2057 689 2090 me
705 2057 801 2106 quoque

131 2107 238 2157 audiente
257 2105 354 2165 dicebat,
373 2121 398 2154 se
416 2106 563 2154 sollicitatum
581 2121 638 2166 esse,
656 2115 683 2154 ut
703 2115 802 2170 regnare

131 2170 217 2220 velletr
234 2169 259 2217 id
270 2169 322 2217 vivo
337 2169 407 2218 fratre
417 2185 459 2218 suo
471 2170 571 2219 accidere
581 2185 628 2218 non
642 2170 761 2234 potuisset
779 2187 803 2220 se

131 2241 219 2293 umen,
238 2241 292 2280 ante
307 2233 366 2281 illud
383 2241 482 2297 tempus,
500 2250 552 2282 eam
568 2250 618 2283 rem
635 2249 759 2299 nunquam
777 2236 803 2284 in

131 2297 245 2353 medium,
263 2305 355 2359 propter
370 2299 464 2361 periculi
478 2307 576 2359 metum,
595 2299 724 2363 protulisse.
741 2299 804 2359 Quae

132 2377 187 2410 cum
198 2369 255 2408 esset
264 2361 363 2421 locutus,
374 2363 454 2410 monui
464 2378 551 2426 regem,
562 2372 590 2412 ut
601 2378 694 2412 omnem
704 2363 804 2427 diligen-

133 2425 191 2476 tiam
208 2423 240 2472 ad
254 2439 279 2472 se
302 2426 482 2475 conservandum
503 2427 637 2484 adhiberetr
661 2428 803 2492 anricosque,

108 2537 112 2550 „
134 2488 206 2552 patris
215 2489 265 2550 ejus
276 2497 345 2552 atque
355 2491 391 2538 avi
400 2491 486 2552 judicio
496 2494 611 2555 probatos,
622 2492 727 2540 hortatus
741 2509 804 2552 eum,

134 2553 195 2616 regia
212 2553 248 2600 sui
262 2553 342 2612 vitam,
355 2555 416 2604 docti
428 2571 482 2604 casu
500 2557 643 2604 acerbissimo
657 2556 728 2620 patris
746 2559 805 2619 eJur,

135 2616 201 2669 omni
211 2616 265 2684 curi
275 2617 422 2685 custodique
433 2619 586 2671 defenderent
