1820 2944
266 643 308 700 M.
328 641 464 701 TULLII
485 640 699 702 CICERONIS

266 799 270 814 '
314 798 654 866 EPISTOLARUM

360 965 410 1012 AD
427 963 599 1014 DIVERSOS

401 1107 495 1158 Lrnun
511 1109 569 1160 XV.

440 1295 531 1332 ..4-

149 1451 202 1508 (l.)
227 1448 265 1497 M.
283 1449 444 1507 TULLIUS,
467 1450 506 1498 M.
519 1449 548 1497 Γ.
578 1447 716 1507 CICERO,
740 1446 827 1496 PRO·

182 1512 278 1562 CONS.
304 1515 328 1561 S.
338 1514 366 1560 Ρ.
377 1513 409 1560 Ι).
430 1514 518 1564 COSS·
542 1513 678 1562 PRAETT.
704 1513 827 1561 TRIBB.

183 1576 235 1625 PL.
252 1576 416 1626 SENATUI.

183 1663 379 1762 (Argumentum.
389 1730 418 1740 -
433 1701 472 1752 Dc
482 1705 544 1754 bello
555 1704 665 1753 Parthico
691 1718 729 1750 uae
742 1715 831 1766 cogno-

150 1773 222 1825 verat,
234 1765 264 1813 ad
274 1777 379 1816 senatum
390 1770 509 1832 perscribit
519 1785 549 1818 ex
559 1719 696 1834 provinciill

183 1895 209 1944 si
225 1911 265 1944 vos
284 1890 317 1946 V.
330 1898 361 1946 Β.
373 1898 403 1945 Ε.
418 1899 448 1946 Ε.
463 1899 496 1958 Q,
509 1898 542 1948 V.
556 1897 609 1946 Etsi
624 1912 671 1946 non
685 1896 756 1945 dubie
767 1894 830 1944 mihi

150 1960 309 2022 nuntiabatur,
326 1962 424 2011 Parthos
441 1963 549 2012 transisse
562 1962 601 2010 Eu
617 1962 699 2011 hraten
710 1976 766 2009 curn
777 1975 832 2008 om-

150 2024 220 2073 nibus
230 2025 277 2073 sere
288 2027 335 2074 suis
346 2027 434 2090 oopiis;
451 2036 530 2075 tamen
539 2030 582 2092 (qu
621 2027 758 2084 arbitrabar,
767 2041 782 2072 a
789 2023 831 2072 M.

152 2089 239 2138 Bibulo
250 2091 386 2154 proconsule
396 2091 491 2139 certiora
501 2092 530 2140 de
540 2091 577 2139 his
589 2093 658 2140 rebus
669 2091 698 2138 ud
709 2105 750 2138 vos
760 2088 833 2137 scribi

152 2163 229 2216 posse)
241 2158 370 2203 statuebam
380 2155 440 2202 mihi
450 2171 497 2204 non
510 2171 602 2204 necesse
612 2171 660 2203 esse
670 2155 763 2218 publice
776 2153 835 2201 scri-

151 2217 206 2265 bere
216 2233 243 2264 ca
253 2233 306 2283 quae
314 2219 343 2266 de
350 2219 443 2269 alterius
450 2221 568 2283 provincii
574 2219 742 2268 nuntiarentur.
762 2219 835 2265 Post·

153 2295 181 2327 ec
196 2295 251 2329 vero
270 2298 342 2344 quam
359 2283 490 2333 certissimis
504 2285 643 2345 auctoribus,
660 2284 670 2331 l
712 2283 751 2341 tis,
770 2295 835 2330 nun·

152 2343 199 2404 tiis,
211 2344 290 2406 literis,
307 2362 360 2394 sum
377 2348 458 2396 certior
474 2348 563 2406 factus3
581 2349 619 2397 vel
636 2365 668 2412 qu
713 2354 779 2394 tanta
794 2361 834 2394 τα

152 2417 209 2466 erat,
233 2409 270 2457 vel
292 2411 355 2474 quod
376 2412 482 2460 noudum
504 2413 651 2462 audieramus
669 2411 786 2460 Bibulum
804 2410 833 2458 in

153 2471 246 2535 Syriam
262 2475 359 2535 venisse,
374 2477 411 2524 vel
429 2478 485 2541 quia
502 2477 670 2526 administratio
688 2476 760 2537 hujus
774 2475 835 2524 belli

153 2536 214 2584 mihi
230 2553 285 2585 cum
296 2539 383 2588 Bibulo
398 2556 464 2604 paeue
474 2549 508 2590 est
518 2541 666 2599 communiet
683 2555 737 2606 quar
747 2539 778 2588 ad
792 2550 836 2589 m'e

153 2601 230 2652 delata
240 2612 324 2664 essent,
336 2604 455 2653 scribenda
465 2606 495 2654 ad
506 2621 547 2653 vos
558 2605 647 2668 putari.

187 2665 260 2729 Regis
278 2667 391 2717 Antiochi
413 2669 567 2732 Commageni
587 2670 658 2733 legati
679 2668 750 2733 primi
772 2669 837 2718 mihi

150 2730 297 2793 nuntiirunt,
317 2733 458 2782 Parthorum
478 2747 574 2796 magnas
594 2733 670 2797 copias
690 2732 834 2798 Euphraten
