1784 2944
196 131 247 180 AD
265 133 442 182 Dlvunsos.
460 133 520 188 Ins.
533 131 590 182 XV.
609 133 647 188 17.
714 135 759 190 lot

86 261 196 320 Insuber,
217 261 355 337 Epicureus,
375 261 416 326 qui
434 277 509 326 nuper
526 269 560 310 est
578 269 691 324 mortuus,
709 281 763 328 quae

86 325 125 374 ssle
137 323 281 401 (demetens,
297 327 366 374 etiam
383 335 436 374 onte
451 325 607 385 Democritus,
622 325 708 386 ιιδωλα,
724 329 762 378 hic

87 399 177 454 spectra
187 398 301 438 nommot.

127 453 175 503 His
195 464 275 502 autern
297 455 390 520 spectris
411 455 501 502 etiamsi
516 455 577 502 oculi
592 456 679 520 possint
692 455 763 518 feriri,

87 519 151 584 quod
162 519 200 566 vel
211 519 263 582 ipss
273 528 402 578 sternunt,
414 519 506 566 animus
520 521 561 583 qui
575 521 654 582 possit,
663 536 706 584 ego
716 537 762 572 non

87 585 161 632 rideo.
178 583 271 630 Docees
284 591 309 630 tu
323 599 369 642 me,
381 583 502 646 oportebit,
514 598 568 630 cum
579 583 654 632 salvus
665 587 761 648 veneris,

86 649 110 696 in
125 647 212 696 medne
222 655 332 710 potestate
346 648 376 694 sit
385 658 501 710 spectrum
515 656 592 707 tuum,
608 657 642 708 ut,
655 647 725 698 simul
736 669 763 702 ne

87 713 147 761 mibi
167 711 296 760 oollibitum
311 711 341 759 sit
358 711 424 758 dete
443 712 549 773 cogitsre,
567 711 625 760 illud
644 725 760 765 eccumtt

87 792 165 840 neque
174 774 251 824 solum
263 775 292 822 de
302 784 333 833 te,
340 775 381 839 qni
389 775 447 822 mihi
457 775 529 823 haeres
539 775 563 822 in
574 776 682 825 medullis
691 796 699 836 ς
711 780 761 842 sed,

88 839 388 954 ffisstphamleltdtgdtanneiczss
397 855 484 903 coepero
498 839 605 903 wgitttre,
617 842 666 902 ejus
677 844 763 891 ειδωλιν

192 919 220 952 vo

121 969 170 1018 Sed
180 969 230 1016 haec
241 920 368 1032 postedius:
387 976 449 1016 tento
460 967 522 1015 enim
534 977 564 1024 te,
578 985 625 1032 quo
636 969 713 1020 animo
724 987 762 1020 so.

88 1034 213 1148 {ittet}
224 1031 683 1144 mmdiisiiiifff'imiiffiiffi'
695 1037 763 1147 3¹¹²?

89 1163 224 1212 hominibus
236 1113 358 1220 fferam?
370 1114 471 1222 deiictris
486 1113 564 1215 sisdiin
576 1114 762 1211 eamridls'tituerei

90 1229 120 1276 ln
140 1229 185 1276 hoc
201 1225 322 1273 interdicto
337 1240 384 1273 non
400 1225 458 1272 solet
473 1224 535 1282 eddi,
551 1225 604 1272 “in
617 1224 662 1274 hoe
677 1229 763 1274 snn0.”

90 1293 180 1352 Quare,
193 1289 214 1337 si
222 1291 272 1352 jorn
283 1289 403 1336 biennium
414 1297 455 1336 aut
465 1288 590 1336 triennium
602 1298 643 1349 est,
655 1305 709 1338 oum
718 1291 763 1340 vir.

89 1357 134 1404 tuti
144 1354 258 1404 nuntium
273 1353 387 1412 remisisti,
403 1353 515 1400 delenitus
529 1352 640 1402 illecebris
657 1356 763 1419 volupta-

89 1421 134 1477 tis3
152 1420 178 1466 in
197 1418 287 1481 integro
299 1433 335 1465 res
350 1417 416 1466 nobis
430 1417 479 1464 erit.
498 1416 649 1482 Quamquam
667 1421 763 1483 quicum

88 1485 191 1549 loquor?
210 1498 264 1532 cum
275 1496 322 1542 uno
338 1481 459 1529 fortissimo
470 1480 534 1538 viro;
552 1483 600 1544 qui,
612 1491 761 1549 posteaquam

88 1551 166 1598 torum
186 1546 290 1608 attigisti,
305 1544 364 1592 nihil
380 1545 461 1603 fecisti,
476 1545 520 1593 nisi
538 1547 697 1608 plenissimum
712 1565 762 1598 om-

88 1613 201 1680 plissimae
215 1611 340 1673 dignitatis.
358 1611 387 1658 In
401 1610 446 1658 isti
458 1609 508 1672 ipsi
523 1613 612 1683 siparia,
628 1623 715 1676 metuo,
732 1630 762 1664 ne

89 1680 142 1744 plus
154 1690 279 1724 nervorum
290 1675 328 1732 sit,
339 1690 410 1749 <pram
421 1689 463 1738 ego
473 1673 583 1736 putinm,
599 1676 618 1724 si
629 1677 698 1726 modo
709 1693 760 1728 earn

89 1753 115 1791 tu
133 1743 226 1806 probas.
251 1738 317 1798 Quid
334 1738 376 1786 obi
393 1739 418 1785 in
439 1747 541 1784 mentem
559 1740 639 1789 venit?
663 1742 760 1806 inquies.

89 1807 154 1868 Quis
164 1805 225 1853 nihil
239 1803 353 1850 habebam
370 1801 441 1862 alind,
453 1801 515 1866 quod
533 1802 663 1852 scriberem.
686 1806 723 1854 De
737 1823 761 1855 re

89 1869 184 1935 publice
203 1867 265 1916 enim
282 1866 341 1914 nibil
356 1865 451 1914 scribere
466 1881 574 1930 possum:
598 1883 673 1932 neque
689 1871 760 1932 enim,

90 1931 249 2000 quod'sentio,
259 1931 317 1978 libet
326 1930 429 1978 scribere
447 1930 513 1979 Vale.

164 2123 236 2185 (17.)
253 2123 292 2172 Μ.
305 2123 337 2171 Τ.
351 2123 378 2172 C.
396 2123 423 2172 C.
441 2119 561 2172 CASSIO
576 2122 601 2171 S.
614 2121 642 2170 P.
654 2122 686 2172 D.

124 2252 478 2318 (Argumentum-Queritur
493 2250 522 2299 de
536 2251 569 2298 im
600 2253 674 2301 rtunis
690 2257 763 2308 tabe]-

90 2321 168 2370 lsriist
187 2326 265 2367 narrat
277 2318 307 2365 de
318 2318 345 2366 P.
358 2317 429 2365 Sullae
439 2323 520 2374 morte,
531 2317 548 2380 b
579 2315 761 2382 oHirprnien⁸i‚

90 2386 174 2434 Psnsae
188 2382 327 2448 profectione
343 2382 368 2428 in
383 2381 537 2444 provinciam:
556 2379 630 2429 Cassii
641 2384 762 2435 consilinm

91 2447 328 2515 probstBrundisinae
334 2445 473 2492 mensionis:
485 2445 561 2493 literas
568 2454 661 2494 mutuas
669 2450 761 2510 poscit)

123 2577 156 2626 Pr
295 2574 367 2622 habes
384 2537 528 2626 ciue-llario„
554 2572 595 2619 etsi
612 2571 764 2633 nequidem

88 2658 135 2692 non
177 2639 280 2690 endunt:
299 2637 339 2687 sed
350 2643 437 2696 temen,
447 2650 500 2683 cum
511 2651 525 2680 a
535 2642 574 2710 me
584 2634 711 2688 discedunt,
720 2631 763 2678 fla·
