1788 2942
211 123 261 203 nn
277 153 450 204 suricum.
467 151 531 203 nne·
544 153 605 203 vn.
620 137 659 201 rt
719 145 773 199 ³512

122 281 257 348 Reliquum
272 291 315 346 eet,
330 293 366 345 ut,
380 293 403 333 et
413 284 470 349 quid
484 291 574 348 egetur,
586 281 663 350 quoad
673 279 773 346 poteriis·

86 347 209 410 explores,
221 347 354 416 scribasque
370 348 400 397 sd
410 365 457 408 me,
474 357 497 396 et
507 348 564 412 quid
574 347 624 412 ipse
638 343 769 408 eonjeeout

85 427 232 478 mequore3
250 413 313 477 quod
328 413 398 462 etim
413 429 427 462 a
442 413 684 476 temagisexspestor
701 419 770 471 nam‚·

85 484 143 524 eota
161 478 272 526 omnibus
289 478 457 538 nuntiantibus,
475 494 490 525 a
506 485 530 525 te
551 485 658 540 exspecto
678 475 766 522 futuro.

85 533 178 594 ,Μαντις
190 541 205 586 δ’
221 559 311 605 optaret
320 578 347 592 ...
356 541 620 606 Iroquacitatiignosoet‚
630 557 682 605 quae
696 547 719 589 et
726 553 769 586 me·

84 603 162 662 levat,
174 605 205 654 ed
216 613 240 653 te
267 605 345 654 uidem
356 607 502 667 scribentem,
510 613 533 654 et
543 605 605 654 elicit
615 613 667 653 tuas
677 603 763 652 literas.

91 671 92 674 ’
119 669 239 732 AEnigme
249 623 383 734 appiorum
392 687 421 719 ex
431 671 501 720 vent
508 671 578 734 plane
585 683 632 717 non
642 668 746 716 intellexi
756 685 768 740 r¹

82 739 120 780 est
136 734 202 781 enim
216 749 313 783 numero
326 735 431 784 Plutonis
446 735 571 784 obscurius
589 735 646 782 Jam
662 732 766 781 intellexi

83 804 172 846 tuumn-
203 847 205 852 ,
242 798 276 846 ios
293 800 355 848 enim
370 799 399 848 de
410 800 480 849 Velit
491 814 599 852 suooones
614 798 679 847 dieis.
697 799 727 845 Iu
737 810 765 844 eo

82 862 208 974 ffilae
217 863 528 978 {ltilsspmbttiqu‘
544 865 662 930 imm*
674 869 697 910 ‘²
710 875 766 952 m

89 997 92 1004 '
115 991 150 1039 L.
163 992 279 1040 Caesarem
290 992 338 1041 vidi
379 993 478 1041 intumis
486 1009 507 1040 a.
517 992 541 1041 d.
551 991 679 1042 'VIIlel
691 991 762 1039 Febr.

79 1067 165 1120 mane,
182 1071 237 1104 cum
250 1057 420 1105 absurdissimis
437 1057 560 1117 mandatis,
572 1057 619 1105 non
633 1055 764 1114 homiuem

81 1119 126 1167 sed
140 1136 220 1184 scopas
236 1120 339 1170 solutas:
357 1130 385 1170 ut
400 1121 426 1170 id
439 1123 517 1185 ipsum
533 1121 593 1170 mihi
606 1122 646 1170 ille
660 1120 765 1168 videntur

81 1181 198 1232 irridendi
209 1185 277 1234 eausi
288 1186 375 1246 fecisse,
385 1187 426 1250 qui
436 1187 507 1234 tantis
518 1185 547 1233 de
557 1187 625 1234 rebus
635 1185 764 1232 huicmsn-

81 1245 142 1296 data
155 1249 260 1307 dederit3
278 1250 322 1298 nisi
336 1251 395 1298 forte
412 1265 459 1298 non
473 1249 545 1308 dedit,
563 1259 585 1298 et
597 1250 644 1308 hie,
660 1259 764 1296 sermone

81 1312 166 1377 aliquo
178 1321 276 1377 arrepto,
290 1331 333 1378 pro
350 1314 465 1362 mandatis
480 1315 566 1362 abusus
578 1323 617 1362 est.
635 1313 763 1372 Labienus*

81 1375 120 1425 vir
132 1378 187 1426 mei
198 1379 310 1426 sentemn
321 1394 429 1442 magnus,
441 1377 565 1426 'ibeanum
576 1379 639 1426 venit
653 1393 673 1426 a.
686 1377 709 1424 d.
722 1377 761 1425 IX

82 1437 216 1490 Calendis:
234 1441 267 1491 ibi
274 1444 414 1507 Pompeium
424 1443 574 1507 consulesque
582 1442 694 1492 convenit.
711 1441 763 1502 Qui

80 1521 161 1556 sermo
178 1504 257 1567 fuerit,
284 1517 306 1556 et
330 1508 387 1572 quid
407 1517 485 1556 sctum
501 1508 539 1567 sit,
555 1509 653 1557 scribam
676 1507 706 1554 sd
729 1515 761 1567 te,

80 1585 139 1619 cum
151 1580 240 1620 eertum
251 1572 330 1620 sciam.
348 1573 474 1637 Pompeius
488 1575 517 1622 ab
534 1573 631 1622 ibeano
646 1572 760 1620 Larinum

81 1650 168 1748 {rem}
177 1637 296 1712 profatus
311 1645 345 1687 est
358 1654 379 1686 a.
393 1639 416 1688 d.
430 1639 497 1689 VIII
513 1637 564 1688 cal.
582 1638 665 1688 Eodie
675 1637 761 1685 mansit

108 1716 154 1749 ena
165 1715 191 1748 rr.
757 1715 760 1724 ⁴

115 1765 275 1832 Aliquantum
290 1766 363 1814 animi
374 1768 465 1816 videtur
479 1768 545 1818 nobis
561 1766 664 1814 attulisse
675 1767 761 1814 Labie-

80 1843 136 1892 nus.
154 1829 201 1879 Sed
212 1846 254 1893 ego
264 1831 370 1880 nondum
380 1832 462 1890 habeo,
470 1832 533 1896 quod
544 1831 574 1878 od
584 1839 607 1876 te
618 1845 647 1876 ex
657 1830 694 1876 his
704 1831 760 1878 locis

80 1894 191 1942 scribom.
208 1895 258 1942 Ista
267 1895 343 1956 magis
354 1905 474 1958 exspecto:
492 1895 550 1958 quid
561 1893 624 1940 illinc
635 1893 758 1949 efferatum

83 1958 87 2010 s
98 1974 131 2006 uo
141 1967 210 2024 pecto
221 1958 250 2007 de
261 1959 365 2006 Labieno
382 1959 455 2015 feram
473 1959 530 2023 quid
541 1966 595 2022 agat
605 1956 724 2003 Domitius
735 1956 760 2004 in

114 2023 181 2082 arsis,
201 2024 279 2086 Iguvii
293 2022 418 2084 Thermus,
436 2024 465 2070 P.
482 2022 564 2071 Attius
577 2019 689 2082 Cinguli3
707 2035 761 2083 qnae

80 2087 112 2136 sit
129 2088 213 2150 populi
226 2088 311 2136 urbani
324 2087 446 2144 voluntas3
463 2103 516 2152 quae
528 2095 570 2134 tus
581 2084 712 2145 conjecture
729 2083 759 2132 de

81 2153 153 2205 rebus
171 2151 272 2200 futuris:
289 2153 347 2210 hero,
365 2153 445 2213 velim,
461 2154 549 2210 crebro,
568 2158 591 2198 et
605 2148 662 2212 quid
676 2148 719 2196 tibi
729 2148 759 2196 de

81 2215 220 2263 mulieribus
237 2217 320 2265 nostris
330 2217 428 2280 placeat,
439 2224 463 2264 et
479 2215 536 2280 quid
551 2221 643 2262 acturus
658 2214 707 2278 ipse
718 2215 756 2274 sle,

81 2281 176 2328 scribas.
193 2281 220 2330 Si
237 2280 358 2330 scriberem
374 2281 432 2345 ipse,
448 2281 539 2344 longior
554 2279 650 2343 epistola
660 2279 757 2336 firment

81 2344 122 2393 sed
132 2344 218 2393 dictam
228 2355 322 2410 propter
331 2346 504 2409 lippitudinem.

211 2471 283 2536 (14.)
301 2473 429 2525 cronno
445 2473 579 2524 Iunco
590 2459 622 2522 's

83 2585 97 2610 ”¹
121 2569 198 2648 A.d·
209 2601 250 2650 VI
265 2575 317 2652 Cet
334 2603 403 2653 Febr.
419 2583 526 2667 Capuam
540 2599 638 2649 Calibus
653 2600 757 2662 proficis-

79 2665 144 2726 'cens
156 2671 211 2714 eum
221 2665 301 2717 leviter
310 2666 428 2735 lippirem
439 2669 482 2716 has
496 2666 573 2716 lieres
583 2663 644 2711 dedi.
661 2661 691 2711 h.
706 2663 759 2713 Ge·
