1784 2944
114 147 161 215 ‚aa
248 161 298 218 an
315 159 492 210 narnasos.
510 158 570 206 ms.
583 157 640 206 xv.
657 159 681 206 o.

128 303 183 338 cum
199 289 325 352 prasertim
342 290 423 337 matris
435 297 490 346 tue,
505 286 646 350 gravissimae
660 293 730 348 atque
740 287 801 349 opti-

128 369 174 401 mae
194 353 295 413 femmae,
317 355 411 414 majora,
427 369 481 416 erga
502 353 599 398 salutem
617 349 800 412 dignitatemque

128 433 204 466 meam
215 417 299 476 studia,
310 433 382 481 quam
391 427 455 466 erant
466 432 480 464 a
490 416 587 468 muliere
594 413 741 478 postulanda,
748 430 801 477 per-

127 482 248 545 spexerim.
272 483 427 545 Quapropter,
443 499 458 528 a
474 489 496 528 te
512 489 565 544 peto
581 479 692 539 majorem
708 477 734 524 in
750 494 801 526 mo-

128 545 194 606 dum,
206 555 233 594 ut
243 562 281 599 me
291 549 409 595 absentem
419 546 501 608 diligas
511 553 581 608 atque
591 543 708 592 defendas.
731 542 799 592 Vale.
888 541 889 570 l

127 735 179 794 (8.)
195 732 233 782 Μ.
244 735 275 782 Τ.
289 733 317 784 C.
336 733 437 848 Plgipff.
446 729 653 848 glssRgELLQ
671 727 800 778 COLLE-

421 833 429 860 ‚
464 832 471 846 .
506 832 512 846 .
549 830 556 844 .

159 931 352 991 (Argumentum.
359 927 425 976 -O.
437 927 550 976 Marcello
560 925 643 989 auguri
653 925 682 971 de
693 924 736 970 filii
748 923 801 971 Caii

126 996 246 1119 pppgpltapr
259 995 405 1057 gratulatum
422 992 533 1056 petitque,
546 1000 573 1038 nt
588 1007 611 1038 se
626 992 747 1037 absentem
761 988 803 1036 de·

160 1187 300 1234 Marcellum
313 1196 381 1234 tuum
396 1187 513 1234 consulem
527 1185 622 1242 factum,
635 1190 703 1246 teque
718 1181 747 1230 ed
762 1181 803 1228 lae-

128 1251 180 1298 titis
197 1252 304 1300 affectum
322 1267 373 1298 esse
388 1266 460 1314 quam
478 1249 580 1297 maxime
601 1245 692 1310 optimi,
714 1247 803 1294 miran-

126 1315 184 1362 dum
201 1317 225 1362 in
245 1316 341 1363 modum
358 1315 462 1376 gaudeo3
479 1315 503 1362 id
520 1329 550 1362 ue
566 1328 619 1360 oum
633 1311 705 1374 ipsius
721 1311 802 1370 causi,

128 1386 179 1426 tum
195 1380 258 1442 quod
273 1388 295 1428 te
310 1379 418 1426 omnibus
432 1394 501 1427 secun
518 1377 523 1390 ‘
547 1377 600 1424 imis
615 1378 683 1423 rebus
694 1375 803 1438 dignissi-

125 1457 193 1490 mum
201 1443 295 1504 judicu
313 1443 379 1503 eujus
389 1458 443 1505 erga
457 1458 496 1490 me
511 1442 651 1505 singularem
662 1441 802 1488 benevolen-

124 1505 191 1562 tiam,
205 1508 242 1554 vel
251 1507 276 1553 in
287 1507 365 1554 laboro
375 1520 427 1552 meo
435 1508 471 1554 vel
481 1507 506 1554 in
516 1508 610 1562 honore,
622 1505 728 1568 perspexi
739 1523 745 1552 ι
765 1513 801 1550 tc-

126 1577 174 1616 tam
186 1569 285 1632 denique
296 1568 392 1616 domum
403 1579 502 1617 vestram
513 1571 549 1617 vel
560 1569 639 1616 salutis
650 1569 687 1617 vel
697 1568 802 1631 dignita·

125 1633 155 1680 tis
172 1649 231 1680 mea
248 1631 439 1680 studiosissimam
456 1634 674 1698 cupidissimamque
693 1633 800 1695 cognovi.

56 1697 59 1704 '
126 1696 215 1756 Quare,
237 1706 329 1760 gratum
348 1697 407 1744 mihi
422 1697 508 1756 ieonis,
525 1698 545 1746 si
561 1698 629 1745 uxori
645 1706 691 1745 tuae
707 1697 800 1752 Juniae,

124 1761 264 1823 gravissima
281 1769 350 1824 atque
367 1762 461 1826 optima
472 1762 572 1820 ferina,
589 1762 647 1809 meis
663 1761 739 1808 verbis
756 1761 801 1809 eris

124 1826 260 1886 gratulatus.
279 1830 304 1872 A
315 1835 338 1872 te
348 1825 381 1884 id,
393 1827 456 1891 quod
466 1827 545 1887 suesti,
556 1835 619 1890 peto,
631 1841 669 1874 me
678 1827 800 1874 absentem

126 1888 208 1952 diligas
219 1898 289 1954 atque
297 1889 413 1938 defendas.
431 1890 499 1939 Vale.

141 2081 194 2148 (n.)
219 2082 256 2132 Μ.
268 2083 298 2131 r.
311 2084 338 2132 o.
358 2082 556 2196 {rppcpspnp
574 2081 780 2144 marcenae,

157 2275 352 2337 (Argumentum.
361 2303 390 2314 -
399 2277 437 2325 M.
446 2275 560 2325 Marcello
569 2277 698 2341 gratulatur
709 2275 739 2334 de
749 2277 798 2326 fra.

124 2347 159 2386 tre
168 2341 272 2402 patruele
282 2341 374 2388 consula
388 2341 462 2389 faetor
480 2341 591 2404 petitque,
608 2349 636 2388 ut
648 2341 692 2402 sibi
705 2341 731 2388 in
741 2357 798 2405 pro·

124 2403 200 2452 vineis
208 2403 360 2466 succedatur.)

156 2531 193 2578 Te
204 2541 227 2578 et
240 2531 331 2594 pietatis
344 2533 369 2580 in
385 2546 444 2592 tuos,
457 2543 479 2581 et
492 2533 563 2580 animi
578 2533 602 2580 in
617 2533 796 2596 rempublicam,

122 2604 146 2642 et
164 2595 282 2642 clarissimi
298 2605 367 2660 atque
382 2597 464 2660 optimi
480 2598 618 2655 coraulmis,
635 2596 662 2645 G.
679 2597 797 2646 Marcello

122 2659 295 2722 concalefacta,
313 2661 414 2708 fructum
431 2661 523 2725 cepisse,
535 2661 679 2710 vehementer
694 2661 796 2722 gaudeo.
