1788 2942
190 142 452 212 uosmcuu.
468 144 586 199 mavi
604 147 626 194 1.
706 147 754 194 aoo

116 274 200 324 flaba
210 271 241 320 ed
250 273 337 332 omnia,
348 287 404 332 non,
417 282 445 324 ut
458 273 587 338 postulisti,
628 290 682 321 ueta
691 280 753 337 χαλ·

85 354 160 387 κυωνι
179 336 299 401 κὰμ-ἠδ
313 337 407 400 peribus
418 337 584 402 respondimus·
623 351 660 385 ece
674 345 752 386 ouem

84 401 129 448 ulia
143 401 233 466 pusilla
245 401 356 464 epistola;
373 417 444 465 quam
457 417 503 450 non
519 403 648 465 relinquam
667 418 752 448 araver-

84 477 187 524 φωιητον.
203 465 270 512 Bene
280 465 428 524 (mehercule)
438 465 513 529 potuit
519 466 630 514 Lucceius
638 463 753 512 Tuscula·

84 541 158 585 num3
176 528 223 575 nisi
239 529 311 576 forte:
329 530 385 577 solet
402 529 464 578 enim
480 545 534 578 cum
550 545 592 578 suo
605 528 711 578 tibicine:
729 535 753 576 et

84 593 154 640 odim
165 593 232 651 scire,
243 593 296 655 quis
311 592 342 640 sit
357 601 428 642 status
441 595 497 656 ejus.
514 593 642 642 Lentulum
657 592 751 656 quidem

84 665 199 720 nostrum,
214 672 263 720 prae
275 672 327 718 aere,
338 655 498 706 Tusculanum
510 655 663 721 proscripsisse
675 655 752 704 audio·

84 717 161 783 Cupio
172 719 216 766 hos
230 721 346 833 suffitus
356 721 447 770 videret
464 723 532 786 cupio
547 721 617 770 etiarn
630 720 752 776 Sextium

84 779 152 844 adde,
164 783 185 832 ei
195 783 238 844 vis,
266 787 269 804 ¹
300 783 363 842 'umt
381 785 465 850 quibus
474 785 581 834 omnibus
591 794 634 844 est,

151 879 257 926 Aetnaeo
266 899 306 941 μιν
317 883 443 946 neptunias,
455 879 552 927 διισανδ
564 879 689 944 ὑποδιχθαι.

80 1027 83 1032 ,
118 975 159 1024 De
170 975 286 1024 Memmio
295 974 434 1024 restituendo
447 983 475 1023 ut
489 975 560 1023 Curio
573 974 664 1038 cogitet,
679 981 703 1022 te
713 989 755 1021 au-

83 1039 148 1102 disse
159 1048 225 1104 puto.
240 1039 278 1087 De
294 1037 389 1104 Egnatii
405 1038 499 1088 Sidicini
512 1039 614 1099 nomine,
629 1053 671 1086 nec
688 1037 754 1084 nulli

83 1105 229 1166 necmagni
241 1101 281 1168 spe
294 1120 381 1152 sumus.
397 1093 527 1164 Pinarium,
538 1117 608 1167 quem
619 1101 678 1149 mihi
691 1116 754 1149 oom-

85 1167 194 1226 mendas,
208 1167 378 1230 diligentissime
392 1166 515 1216 Deiotarus
529 1175 602 1225 ouat,
616 1165 714 1228 graviter
724 1179 755 1212 a·

84 1247 168 1296 grum.
184 1231 302 1295 Respondi
312 1232 382 1281 etiarn
392 1231 482 1278 minori
500 1231 549 1291 Tu,
558 1230 636 1289 velim,
648 1229 704 1276 dum
716 1239 755 1276 ero

86 1295 218 1354 laodicea,
238 1295 263 1342 id
277 1307 319 1354 est,
334 1296 364 1343 ad
377 1295 435 1342 Idus
448 1294 534 1354 Maias,
544 1309 616 1357 quam
632 1291 756 1356 sepissime

84 1374 182 1410 meeum
197 1375 238 1423 per
248 1360 324 1408 literas
334 1359 477 1422 colloquare:
495 1368 525 1418 et,
537 1373 591 1406 cum
600 1357 707 1406 Athenas
716 1370 755 1404 ve-

83 1424 158 1486 neris,
174 1425 234 1488 (jam
248 1424 309 1472 enim
326 1423 423 1472 sciemus
433 1422 538 1470 derebus
548 1421 652 1482 urbanis,
662 1420 692 1468 de
701 1435 756 1483 pro-

84 1489 177 1548 vintiis,
185 1504 238 1552 qua
247 1488 325 1536 omnia
335 1489 359 1534 in
370 1501 473 1536 mensem
479 1485 594 1534 Martium
600 1481 755 1546 suntoollata)

84 1551 170 1616 utique
180 1551 210 1600 ad
219 1567 258 1600 me
268 1551 397 1603 tabellarios
406 1550 491 1599 mittas.

120 1615 168 1664 Sed
177 1617 235 1666 heus
245 1623 279 1676 tu,
288 1616 368 1678 jamne
380 1631 420 1664 vos
433 1631 447 1664 a
461 1615 559 1676 Caesare,
574 1631 616 1679 per
626 1613 754 1676 Herodem,

84 1679 755 1746 talentaAttioahextorsistislinquo‚utaudio‚maguum

83 1743 168 1792 odium
174 1744 279 1808 Pompeii
285 1745 419 1808 suscepistis.
431 1745 579 1805 Putatenim‚
588 1760 640 1792 snos
648 1758 756 1790 nummos

85 1823 128 1856 vos
145 1808 283 1865 comedisse3
301 1807 415 1856 Caesarem
428 1809 454 1856 in
470 1808 608 1857 Nemorensi
622 1805 755 1856 edificando

85 1871 255 1935 diligentiorem
271 1872 327 1920 fore.
350 1871 404 1920 Hoc
417 1887 459 1934 ego
475 1887 505 1919 ex
522 1873 550 1920 P.
567 1869 651 1927 Vedio,
670 1883 756 1932 magno

85 1935 211 1996 nebulone,
222 1936 263 1984 sed
274 1935 379 1999 Pompeii
390 1943 467 1982 tamen
477 1933 594 1992 familiari,
605 1930 689 1986 audivi.

121 1999 170 2048 Hic
180 2000 269 2048 Vedius
279 1999 342 2048 venit
357 1998 416 2046 mihi
426 1999 517 2046 obviam
528 2012 582 2046 cum
592 1996 682 2048 duobus
696 2009 756 2042 mae·

86 2063 133 2124 dis,
141 2072 165 2112 et
175 2063 246 2112 rhodi
256 2064 321 2128 equis
330 2060 418 2124 juncti,
430 2071 453 2109 et
462 2061 551 2121 leetioi,
559 2070 581 2108 et
591 2057 680 2114 samnis
689 2072 756 2119 mag·

86 2127 137 2185 nlt3
154 2143 197 2190 pro
207 2127 261 2191 qui,
273 2128 293 2176 si
303 2125 374 2175 Curio
384 2126 459 2188 legem
470 2124 596 2190 pertulerit,
608 2123 651 2170 HS
662 2130 757 2168 centena

87 2191 326 2256 peudaanooesseest.
339 2190 561 2254 Eratpraetereaoyn
616 2184 757 2234 halusines-

87 2256 161 2312 sedo;
178 2270 220 2304 neo
230 2256 323 2303 deerant
332 2255 419 2318 onagri.
436 2255 567 2316 Nunquam
577 2252 601 2300 vi
617 2249 622 2262 '
638 2249 757 2299 hominem

87 2319 242 2384 nequiorem:
268 2319 308 2366 sed
329 2329 459 2366 extremum
480 2317 542 2365 sudi
567 2315 702 2364 Diversatua
723 2323 757 2363 est

87 2383 211 2432 laodicea
224 2384 287 2447 apud
302 2383 441 2448 Pompeium
451 2381 606 2430 Vindullum:
622 2379 655 2428 ibi
666 2395 709 2427 sua
717 2378 758 2427 de·

105 2447 480 2575 siluissent:
490 2443 758 2570 llil-tiloessltlls

87 2577 223 2640 putabatur.
250 2575 279 2624 G.
292 2575 429 2623 Vennonius
446 2576 543 2622 domum
580 2570 664 2620 indulli
678 2569 756 2620 venite

89 2655 144 2691 cum
163 2639 241 2688 omnia
257 2639 394 2704 obdgnnret,
407 2639 432 2686 in
442 2637 559 2688 Vedianas
572 2651 608 2684 res
621 2632 707 2682 incidit.
727 2631 757 2678 ln
