1784 2944
186 147 241 196 AD.
256 134 435 197 brvmssos.
450 147 511 197 uu.
527 147 600 197 xvr.
618 150 655 198 ro.
713 149 756 196 ιιι

86 285 165 326 tamen
175 275 281 340 Asclapo
296 275 399 324 medicus
409 276 477 340 pinne
487 277 615 334 confirmat,
625 275 759 341 propediem

87 352 109 389 te
119 342 238 389 valentem
253 340 310 388 fore.
326 341 397 388 Nunc
413 339 471 404 quid
481 355 523 404 ego
533 350 556 389 te
566 342 651 400 horter,
668 349 695 388 ut
708 353 759 387 om-

86 419 139 455 nem
148 403 296 468 diligentinn
303 403 445 452 sdhiboueud
452 405 653 454 nonvelestendum
660 408 671 454 Ρ
678 405 758 452 Tum

85 469 245 532 prudentiam,
257 468 440 531 temperantiam,
451 484 554 518 umorem
568 486 622 533 erge
633 485 680 528 me,
696 468 757 517 nori.

86 533 139 582 Seio
147 542 172 582 te
179 533 261 580 onmia
270 532 394 592 iuctumm,
405 541 432 580 ut
442 534 562 582 nobiscum
573 549 644 598 quum
655 533 757 598 primum

86 598 124 644 sis
142 597 190 646 Sed
202 597 319 644 temenitis
329 597 407 655 velim,
418 605 482 644 utne
492 597 550 661 quid
559 613 672 661 properes.
689 599 758 662 Sym·

132 661 199 708 niem
208 659 308 724 Lysonis
315 660 385 708 velim
395 661 496 720 viliores,
508 676 537 710 ne
548 662 571 708 in
583 673 688 726 quartum
700 663 758 710 beb-

117 725 189 778 rondn
199 723 317 772 incideres.
335 724 388 784 Sed,
398 740 451 772 oum
459 725 542 788 pudori
552 734 593 774 tuo
603 726 705 776 maluisti
715 728 757 774 ob-

87 789 162 852 sequi,
175 803 248 853 quum
259 787 392 847 valetudini,
403 789 492 853 relique
502 805 563 838 cure.

119 853 194 902 Curio
204 852 266 911 misi,
278 861 306 900 ut
314 852 402 900 medico
412 853 484 901 honos
495 853 624 912 baberetur,
637 861 660 902 et
666 854 708 902 tibi
717 853 758 902 de·

86 925 130 976 ret,
142 916 208 980 quod
218 932 278 978 opus
288 924 360 964 esset:
378 931 424 974 me,
440 918 478 964 cui
493 919 604 978 jussisset,
616 927 757 967 miraturum.

125 996 187 1029 uum
198 988 222 1028 et
231 980 324 1028 mulum
334 980 453 1028 Brundisii
463 981 506 1030 tibi
516 982 608 1046 reliqui,

159 1059 214 1103 mae,
230 1059 317 1103 vereor,
331 1059 361 1091 ne
371 1059 401 1091 ex
414 1045 464 1092 eal.
481 1045 536 1093 Jan.
553 1045 633 1109 magni
643 1046 757 1094 tumultus

87 1109 141 1156 sint.
158 1109 212 1156 Nos
222 1123 317 1170 agemus
328 1109 406 1156 omnia
416 1109 512 1158 modios.
537 1109 665 1173 Reliquum
676 1117 718 1167 est,
729 1117 756 1156 ut

87 1183 110 1222 te
119 1174 164 1222 hoc
174 1187 264 1236 rogem,
275 1180 356 1220 etate
365 1181 452 1235 petam,
464 1188 493 1220 ne
503 1181 588 1223 temere
598 1173 698 1236 naviges.
714 1173 757 1220 So,

87 1237 136 1286 lent
149 1245 229 1284 nuntie
239 1237 346 1284 festinare
355 1239 455 1300 quaestbs
468 1237 503 1285 sui
514 1235 589 1285 onusi.
613 1237 701 1285 Cautus
718 1237 756 1292 sis,

87 1302 121 1350 mi
137 1301 204 1349 Tiro.
228 1300 297 1348 Mure
307 1315 419 1363 magnum
433 1310 457 1349 et
470 1301 561 1350 difficile
579 1301 622 1350 tibi
638 1309 713 1349 restet
731 1301 757 1348 Si

86 1367 180 1430 poteris,
199 1379 253 1413 cum
267 1365 395 1421 Mescinio;
412 1373 478 1413 mute
493 1365 513 1412 is
529 1366 587 1414 solet
597 1365 720 1429 navigare:
731 1361 757 1414 ”ei

88 1431 176 1488 minus,
187 1443 242 1476 oum
249 1428 343 1476 honesto
353 1429 431 1492 nliquo
438 1429 539 1490 homine,
548 1432 614 1492 cujus
624 1430 757 1478 auctoritate

87 1493 242 1542 navicularius
252 1501 377 1540 moveatur.
393 1493 422 1540 In
430 1493 473 1541 hoc
482 1507 574 1542 omnem
583 1494 724 1558 diligentium

87 1557 226 1615 adhibueris,
236 1565 304 1620 teque
310 1557 376 1604 nobis
382 1557 520 1606 ineolumem
531 1559 668 1622 prestiteris,
677 1559 756 1606 omnia

87 1639 102 1670 a
110 1631 133 1670 te
149 1623 248 1670 habebo.
266 1621 346 1668 Etiam
362 1629 431 1685 utque
442 1622 519 1680 enum,
530 1631 606 1672 noster
618 1623 684 1683 Tiro,
696 1623 755 1672 sule.

87 1686 190 1745 Medioo,
202 1684 283 1744 Curio,
295 1685 392 1749 Lysoni,
408 1685 438 1734 de
452 1686 563 1750 tesoripsi
573 1687 753 1751 diligentissime.
791 1731 795 1739 ,
888 1725 889 1732 ,

87 1750 154 1812 vale,
163 1750 233 1799 salve.
270 1795 274 1802 .

181 1942 255 2005 (10.)
273 1942 312 1990 M,
320 1941 349 1991 T.
359 1941 387 1992 C.
403 1943 524 1994 TIRONI
543 1944 566 1993 S.
575 1944 603 1992 P.
612 1944 645 1994 D.

117 2071 475 2134 (Argumentum-'lironem
492 2071 522 2120 ad
540 2087 565 2120 se
578 2070 655 2120 venire
674 2070 752 2134 copim

87 2137 196 2192 eedfviam
204 2136 279 2194 timet,
288 2151 317 2184 ne
324 2136 449 2184 valetudini
457 2143 543 2184 noceat.
559 2134 619 2196 Ejus
625 2150 718 2199 operam
728 2136 754 2183 in

87 2201 166 2258 studiis
174 2199 388 2279 buduteterigit)

117 2329 230 2392 Egovero
241 2327 308 2392 supin
318 2336 341 2376 te
351 2329 381 2376 ad
395 2345 434 2376 me
444 2329 535 2378 venires
553 2327 592 2377 sed
603 2327 663 2377 viem
674 2329 751 2378 timeo.

88 2393 228 2444 firmissime
246 2392 376 2454 aegrotisti:
392 2393 477 2452 medii,
493 2402 516 2442 et
531 2393 714 2456 purgationibus,
731 2404 754 2442 et

86 2458 109 2505 vi
122 2457 195 2520 ipsius
204 2456 290 2515 morbi,
305 2465 438 2504 oonoumtus
448 2473 480 2506 es.
502 2458 588 2506 Graves
598 2459 672 2506 solent
682 2458 754 2504 offen-

86 2522 158 2570 siones
166 2537 214 2568 esse
223 2536 251 2568 ex
262 2521 370 2582 gravibus
376 2521 470 2578 morbis,
478 2522 497 2568 si
505 2537 553 2584 qua
558 2520 627 2583 culpo
634 2519 755 2590 commisso

87 2594 127 2634 est.
143 2585 200 2632 Jam
211 2583 241 2632 ad
252 2583 277 2630 id
286 2584 394 2644 biduum,
406 2585 469 2648 quod
481 2584 552 2632 fueris
562 2584 586 2629 in
600 2583 646 2655 vib,
662 2582 754 2649 durum
784 2611 790 2616 -

87 2650 221 2777 difflua
234 2647 306 2707 venis,
318 2649 425 2698 accedent
439 2647 547 2712 continuo
557 2645 587 2696 ad
597 2645 697 2692 reditum
707 2639 756 2685 «110⁵

201 2745 207 2760 .
233 2723 296 2760 vox..
309 2725 341 2758 11.
568 2721 590 2752 M
