1784 2944
213 227 266 292 Αἰ)
283 243 464 295 mvsasos.
483 243 544 294 un.
561 243 620 292 xv.
640 243 678 292 rs.
737 243 782 291 ror

108 379 158 433 ant,
178 374 305 437 quominus
319 373 464 424 tantumdem
479 390 521 438 ego
539 387 601 421 unus
615 371 721 432 debeam,
737 385 784 420 non

108 451 221 485 recusem.
238 439 407 500 Quamobrem,
417 439 459 487 tibi
465 439 535 486 velim
545 437 571 486 hi
579 437 714 497 sintexims,
726 452 785 500 quos

109 503 213 559 merula,
225 510 248 550 et
264 519 323 566 quos
333 503 382 552 fore
396 503 492 552 confido.
513 502 575 566 Ego,
587 501 606 549 si
620 517 658 548 me
668 501 785 564 navigatio

110 581 157 612 non
164 567 302 624 morabitur,
314 584 367 632 quae
377 568 506 615 incurrebat
516 567 540 613 in
551 567 612 632 ipsos
619 565 719 627 Etesias,
730 579 785 630 pro-

110 631 206 695 pediem
217 641 248 692 te,
261 641 288 680 ut
298 648 372 696 spero,
383 631 472 682 videbo.
489 631 557 680 Vale.

111 821 183 886 (rr.)
201 823 239 872 M.
251 823 282 872 r.
294 823 322 874 c.
344 823 418 874 rur.
440 823 470 872 n.
487 823 615 886 rrum,
638 821 708 874 cos.
725 823 785 874 un.

342 889 432 938 srou.
449 891 473 939 s.
486 891 514 937 r.
526 889 561 937 n.

147 987 345 1086 (Argemintom.
350 1045 381 1056 -—
389 1019 525 1068 Gratulatur
531 1017 607 1066 Paulo
614 1017 644 1066 de
652 1017 770 1066 consulatu
777 1033 786 1074 ς

113 1093 145 1146 et,
158 1099 188 1133 ne
199 1083 243 1133 sibi
253 1083 370 1148 provincia
379 1094 522 1148 prorogetur,
534 1081 619 1146 rogat.)

146 1213 201 1262 Eoi
212 1211 271 1260 mihi
279 1226 399 1278 nunquam
410 1177 574 1270 fffiubium,
586 1209 643 1274 quin
654 1217 677 1258 te
687 1210 789 1274 populus

115 1279 247 1337 Romanus,
259 1291 301 1340 pro
313 1277 358 1324 tuis
370 1276 467 1324 summis
478 1277 503 1323 in
514 1275 680 1339 rempublicam
692 1273 788 1334 meritis,

114 1351 137 1389 et
148 1357 192 1406 pro
207 1341 352 1404 amplissimi
362 1341 457 1388 familiae
467 1340 587 1404 dignitate,
598 1353 692 1386 summo
702 1337 787 1395 studio,

114 1407 203 1454 ornetis
221 1405 335 1468 suffragiis
353 1406 470 1453 consulem
489 1405 590 1452 facturus
609 1411 684 1459 esset3
710 1412 789 1452 tamen

114 1469 244 1530 incredibili
255 1469 335 1517 laefiut
346 1485 399 1516 sum
415 1470 517 1528 affectus,
528 1483 582 1518 cum
592 1467 617 1516 id
627 1467 686 1516 mihi
696 1467 789 1516 nuntia-

115 1544 168 1583 tum
179 1544 229 1592 θεῖς
247 1549 348 1646 eumque
357 1535 467 1582 honorem
476 1534 520 1582 tibi
530 1534 592 1582 Deos
600 1533 717 1582 fortunare
727 1533 788 1591 volo,

115 1615 130 1648 a
146 1606 215 1664 toque
230 1614 260 1646 ex
277 1607 303 1648 tu
334 1600 495 1662 majorumque
513 1607 608 1648 tuorum
621 1597 735 1662 dignitate
749 1596 790 1644 ad-

117 1663 252 1711 ministrari.

150 1728 231 1792 Atque
245 1727 336 1774 utinam
347 1741 445 1790 praesens
455 1727 523 1774 illum
534 1727 596 1776 diem
606 1727 666 1774 mihi
676 1725 790 1790 optatui-

116 1809 184 1842 mum
193 1792 270 1840 videre
281 1791 414 1854 potuissem,
425 1807 513 1856 proque
521 1793 566 1840 tuis
578 1787 726 1856 amplissimis
737 1805 790 1853 erga

116 1873 156 1905 me
163 1856 245 1905 studiis
253 1855 488 1920 atquebeneficiistibi
495 1869 669 1920 operammeam
676 1854 792 1902 studium·

117 1938 164 1987 que
179 1921 279 1970 navare!
297 1919 376 1978 Quam
395 1920 453 1967 mihi
466 1919 600 1968 facultatem
617 1935 672 1967 cum
686 1918 725 1966 hic
739 1932 792 1966 neo-

116 1987 226 2050 opinutus
241 1992 264 2031 et
279 1984 417 2047 improvisus
431 1985 555 2048 provinciae
565 1999 630 2032 casus
641 1982 740 2046 eripuit;
758 1990 793 2029 ta-
888 1981 889 2006 ³

116 2065 181 2110 men,
198 2056 225 2096 ut
237 2048 397 2109 teconsulem,
409 2048 586 2111 rempublicam
602 2062 644 2111 pro
659 2045 701 2093 tui
716 2045 793 2108 digni-

118 2121 166 2162 tate
177 2121 304 2178 guantum,
317 2113 392 2160 videre
406 2112 501 2176 possim,
515 2128 540 2159 m
587 2127 600 2158 o
618 2126 654 2158 ere
668 2125 683 2158 a
696 2118 719 2156 te
729 2117 791 2173 peto,

117 2188 146 2227 ut
157 2193 251 2242 operam
262 2177 311 2237 des,
323 2177 405 2225 efficias
422 2193 460 2238 ue,
472 2192 501 2224 ne
508 2126 631 2240 quidnmdri
641 2174 682 2222 fiat
692 2171 792 2236 injuria,

117 2259 176 2292 neve
206 2241 248 2289 uid
264 2241 372 2306 temporis
427 2257 507 2289 meum
518 2255 623 2288 annuum
633 2254 720 2287 munus
730 2255 793 2288 acee-

117 2307 167 2355 dat.
229 2305 259 2353 od
279 2306 298 2354 si
312 2304 399 2365 feceris,
415 2321 515 2368 maguus
528 2305 559 2354 ad
572 2314 613 2353 tua
626 2304 723 2370 pristina
739 2319 794 2368 ergo

116 2387 158 2420 ms
168 2370 246 2420 studia
256 2371 364 2418 cumulus
375 2369 472 2419 accedet.
492 2370 559 2418 Vale.

116 2498 189 2566 (13.)
207 2497 245 2546 M.
253 2497 285 2547 Τ.
293 2498 321 2548 O.
335 2497 409 2546 IMP.
424 2496 454 2545 L.
466 2496 595 2560 PAULO,
611 2495 682 2546 COS.
693 2495 718 2543 S.
725 2493 754 2541 P.
761 2493 795 2540 D.

153 2615 351 2692 (Argumentum.
360 2626 421 2674 ..A
436 2625 528 2674 consule
543 2624 610 2688 petit,
625 2629 652 2668 ut
662 2613 796 2690 supplicati-

119 2709 176 2743 ones
187 2693 232 2741 sibi
242 2692 362 2749 decernat3
375 2699 398 2739 et
412 2704 478 2739 suum
493 2685 686 2737 existimationem
696 2693 721 2725 m
732 2683 797 2722 cate

121 2752 335 2814 riseommendat.)
593 2807 639 2856 ιθ
