1784 2944
202 179 257 228 An
273 179 452 230 mvnnsos.
470 181 530 229 nn.
547 161 645 232 xv.‘r.
732 181 764 237 97

92 307 170 384 oratio,
190 317 301 373 quaeest
318 309 348 357 ud
363 325 403 358 me
419 311 543 374 perscripta
559 325 574 357 a
590 307 648 358 meis
661 323 765 358 neuma·

91 387 135 419 rus.

120 436 167 484 Sed
183 451 280 484 causam
299 453 358 485 meae
375 438 498 486 voluntatis
518 437 575 502 (non
596 439 658 486 enim
676 437 762 497 dicam

89 499 233 566 cupiditatis)
252 503 348 564 exposui
367 503 409 550 tibi
428 503 582 566 superioribus
600 503 687 551 literis:
710 519 764 568 quta

89 566 275 628 etiarnsiparum
291 567 354 626 justa
367 567 410 614 tibi
420 567 468 615 visu
483 575 525 624 est,
536 567 597 614 hauc
606 575 683 614 tamen
693 567 764 616 habet

88 630 210 684 rationem,
230 644 278 676 non
292 640 320 676 ut
336 631 405 678 nimis
420 631 613 694 concupiscendus
627 632 707 692 honos,
723 631 764 680 sed

88 701 176 750 tamen,
189 695 210 741 si
220 693 338 742 deseratur
348 711 362 742 a
373 705 461 753 senatu,
474 696 571 743 minime
581 695 763 760 adspemandus,

90 773 136 806 esse
147 758 264 805 videatur.
281 759 352 821 Spero
361 768 447 817 autem,
455 760 522 806 illum
534 760 646 818 ordinem,
658 775 700 822 pro
707 760 765 808 meis

89 824 118 869 ob
128 823 300 886 rempublicam
314 825 422 887 susceptis
437 825 563 882 laboribus,
577 839 672 871 menon
688 823 765 888 indig-

88 901 145 934 uum
156 887 255 945 honore,
267 886 351 934 usitato
361 888 495 950 praesertim,
506 888 698 936 existimatumm.

12 1005 16 1010 ¹
120 950 193 1009 Quod
205 950 226 997 si
236 951 269 997 ita
279 951 330 1010 erit,
342 960 432 998 tantum
442 967 471 999 ex
481 959 576 1016 tapeto,
590 952 663 1016 (quod
674 953 765 1000 amicis-

89 1013 145 1062 sime
154 1015 247 1073 scribis)
255 1024 290 1071 ut,
298 1031 361 1073 cum,
370 1025 411 1064 tuo
417 1016 512 1077 judicio,
520 1016 583 1079 quod
594 1016 764 1079 aruplissimum

90 1095 137 1126 esse
148 1079 276 1134 arbitraris,
293 1079 352 1126 mibi
362 1080 483 1136 tribuerim
502 1081 520 1128 si
531 1080 564 1139 id,
576 1080 639 1143 quod
649 1081 763 1139 maluero,

88 1143 178 1202 accidit,
195 1144 304 1206 gaudeas.
320 1144 358 1192 Sic
375 1145 436 1191 euim
452 1145 530 1192 fecisse
544 1152 575 1202 te,
591 1153 613 1191 et
624 1143 727 1202 sensisse,
740 1153 764 1192 et

89 1209 165 1255 verius
185 1207 311 1270 scripsisse,
330 1208 412 1256 video:
430 1223 512 1271 resque
529 1209 580 1271 ipss
595 1207 703 1264 declarat,
721 1207 764 1257 tibi

87 1271 155 1319 illum
179 1272 291 1319 honorem
313 1282 417 1320 nostrum
439 1271 612 1335 supplicationis
631 1270 762 1332 jucundum

87 1336 166 1393 fuisse,
186 1336 251 1399 quod
266 1336 382 1384 scribendo
395 1337 489 1384 affuisti.
507 1337 565 1384 Haec
580 1337 641 1382 enim
659 1339 762 1384 senatus-

86 1401 200 1459 consulta,
219 1415 267 1446 non
284 1401 372 1464 ignoro,
388 1403 418 1448 ab
429 1399 571 1448 amicissimis
583 1401 641 1462 ejus,
655 1399 762 1462 cujusda

85 1465 172 1512 honore
181 1464 268 1527 agitur,
280 1465 348 1512 scribi
356 1465 435 1512 solere.
452 1465 514 1528 Ego,
524 1473 551 1512 ut
561 1480 635 1528 spero,
647 1472 669 1513 te
679 1479 762 1528 prope·

86 1528 147 1576 diem
159 1529 253 1640 v'idplpp,
266 1538 335 1593 atque
345 1529 435 1576 utinum
446 1529 565 1593 republici
575 1530 678 1589 meliore,
689 1543 761 1594 quam

89 1593 175 1642 timeo.
244 1607 264 1640 e.

116 1787 173 1854 (7.)
190 1787 222 1836 nr
237 1787 268 1842 u.
280 1785 308 1836 c.
320 1787 461 1836 rnooos.
478 1788 506 1836 c.
525 1788 728 1850 unisonum,

255 1847 330 1902 cos:
343 1851 480 1900 nnsmu.
498 1853 599 1901 sno.

121 1983 320 2046 (Argumentum.
335 2007 367 2018 —
381 1982 408 2030 Ο.
427 1983 547 2042 Marcello,
562 1983 638 2030 Murci
652 1981 761 2045 patrueli,

90 2046 118 2160 {le
128 2048 251 2172 cunsulptu
264 2047 400 2110 gratulatur,
415 2055 538 2112 postquam
553 2047 642 2094 audivit
657 2045 762 2108 designa-

100 2127 141 2160 um
152 2127 208 2161 esse·

121 2239 234 2289 Maxime
244 2253 296 2286 sum
307 2239 387 2288 laeuut
397 2239 500 2298 affectus,
511 2253 564 2286 cum
575 2237 662 2297 audivi,
674 2246 696 2287 te
706 2253 762 2287 cou-

90 2305 164 2353 sulem
175 2305 265 2352 fautum
277 2305 342 2352 esbus
359 2319 459 2367 eumque
466 2303 576 2352 honorem
586 2303 629 2352 tibi
640 2302 703 2351 Deos
714 2305 761 2352 for-

90 2375 172 2418 tunare
182 2369 245 2426 volo,
260 2376 330 2431 atque
339 2383 354 2415 a
364 2375 387 2415 te
403 2383 445 2431 pro
456 2368 497 2416 tui
510 2367 656 2431 parentisque
666 2367 701 2416 tui
711 2367 763 2432 dig.

89 2433 161 2480 nitate
178 2431 340 2480 administrari.
365 2431 438 2489 Nam,
459 2445 512 2480 cum
533 2441 556 2479 te
576 2447 665 2494 semper
686 2431 763 2478 amavi

90 2497 216 2561 dilexique,
234 2506 286 2544 tum
299 2496 346 2543 mei
358 2496 541 2543 amantissimum
553 2495 648 2558 cognovi
658 2495 683 2541 in
698 2493 763 2540 omni

90 2561 200 2609 ansietate
211 2575 288 2608 remur
302 2575 424 2616 mearum
441 2569 502 2616 tum,
519 2559 591 2622 patris
609 2558 644 2604 tui
657 2555 764 2619 pluribus

90 2625 208 2674 beneficiis
226 2625 263 2671 vel
280 2623 385 2671 defensus
399 2621 501 2670 tristibus
518 2621 668 2684 temporibus,
680 2617 717 2663 vel
728 2629 766 2660 or·

91 2699 159 2738 nauus
170 2688 286 2747 secandis,
305 2696 328 2734 et
344 2701 396 2736 sum
409 2694 471 2732 totus
488 2693 569 2742 vester,
581 2691 604 2729 et
615 2695 662 2728 esse
676 2678 764 2728 debens

123 2751 229 2818 ‹unu-t
243 2763 353 2802 vos-11-
584 2759 600 2792 ¹
