1784 2944
108 188 156 237 tos
215 186 267 234 AD
284 185 462 236 DIVERSOS.
480 185 538 234 Lis.
552 184 609 234 XV.
628 186 666 233 13.

137 315 244 364 Maxime
261 314 320 362 mihi
336 314 383 362 fuit
399 322 513 378 optatum,
529 313 613 362 Romu
626 329 675 362 esse
688 321 775 376 mcum,

104 383 190 428 multas
201 383 230 429 ob
242 395 329 438 causas,
345 379 386 427 sed
395 379 517 442 praecipue,
529 386 564 437 ut,
576 379 633 426 etin
645 381 745 442 petendo
755 390 779 430 et

104 445 129 492 in
146 445 245 508 gerendo
262 445 391 502 consulatu,
406 457 485 491 meum
501 443 543 491 tibi
556 443 660 490 debitum
672 445 776 494 studium

103 509 230 572 perspicere
247 524 329 571 posses.
355 509 393 556 Ac
411 508 526 571 petitionis
543 507 637 570 quidem
653 516 700 556 tua
719 510 778 558 ratio

104 574 163 621 mihi
174 590 263 636 semper
274 573 319 620 fuit
329 573 460 636 explorata:
479 572 518 619 sed
533 573 612 618 tamen
626 587 710 620 navare
721 586 777 637 ope-

104 653 154 685 ram
168 639 280 686 volebam.
302 634 332 685 ln
345 637 464 684 consulatu
479 652 533 684 vero
549 636 616 698 cupio
629 637 737 700 equidem
754 648 778 686 te

103 702 182 750 minus
192 703 277 750 habere
287 701 386 764 negotii:
404 701 444 748 sed
457 702 552 748 moleste
566 696 626 757 fero,
640 715 678 748 me
694 717 778 750 oonsu-

103 767 151 814 lem
162 767 265 816 studium
277 774 345 814 tuum
359 764 505 812 odolescentis
519 764 675 828 perspexisse;
693 773 716 812 te
727 783 779 814 rne-

104 846 155 889 um,
169 847 223 879 eum
236 831 260 879 id
273 830 345 878 aetatis
360 830 412 886 sim,
431 828 556 892 perspicere
573 843 619 876 non
635 844 708 891 posse.
729 831 777 879 Sed

103 895 144 954 its,
160 895 208 944 fato
220 895 295 943 nescio
312 911 367 958 quo,
384 893 505 955 contigisse
523 893 627 953 arbitror,
643 902 671 940 ιιι
684 893 728 942 tibi
745 896 777 944 nd

103 973 142 1007 me
155 960 284 1008 ornandum
299 973 389 1022 semper
404 957 471 1005 detur
488 957 599 1014 facultas3
619 957 678 1004 mihi
692 959 723 1006 ad
738 975 776 1008 re-

102 1024 274 1072 munerandum
285 1024 344 1076 nihil
354 1030 469 1086 suppetat,
480 1030 562 1085 praeter
572 1022 724 1070 voluntatem.
769 1075 772 1090 Ι

137 1088 233 1137 Οιιιὲιιιὶ
244 1088 398 1145 consulatum,
414 1085 501 1133 omlsti
512 1085 612 1132 reditum
622 1101 711 1134 meum.
735 1087 778 1136 In.

103 1153 160 1202 cidit
169 1170 249 1202 meum
260 1162 351 1216 tempus
359 1167 435 1200 rerum
444 1150 626 1214 gerendorumin
634 1151 713 1214 ipsum
723 1168 779 1201 oon.

105 1219 208 1266 sulatum
225 1225 301 1266 tuum.
319 1218 402 1280 Itaque
419 1231 473 1264 oum
490 1227 513 1262 et
529 1222 570 1262 tua
586 1230 678 1262 summa
692 1218 778 1280 ampli.

105 1283 162 1330 tudo
179 1293 201 1330 et
217 1283 324 1350 dignitas,
339 1289 362 1328 et
377 1297 442 1328 meus
453 1295 552 1342 magnus
563 1279 635 1326 honos
646 1295 779 1344 magnaque

106 1347 252 1403 existimatio,
263 1345 379 1409 postulare
389 1345 501 1404 videatur,
514 1351 540 1390 ut
551 1359 565 1390 e
575 1352 597 1390 te
608 1344 715 1406 plurimis
727 1362 778 1394 vet·-

103 1411 141 1458 bis
158 1411 294 1460 oontendam
310 1425 337 1458 aa
351 1417 437 1471 petam,
453 1417 480 1455 ut
494 1423 565 1471 quam
577 1407 779 1457 honorificentissi-

105 1489 171 1521 mum
183 1473 415 1522 senatis-consultum
425 1472 455 1519 de
465 1472 522 1519 meis
533 1475 602 1520 rebus
612 1473 681 1534 gestis
691 1473 778 1522 facien·

104 1537 163 1585 dum
173 1553 255 1594 oures;
273 1553 319 1585 non
330 1536 403 1584 audeo
414 1538 560 1584 vehementer
574 1547 621 1584 ate
632 1539 778 1599 contendere,

105 1617 135 1648 ne
152 1610 193 1648 aut
209 1602 258 1664 ipse
276 1609 323 1648 tua
344 1609 460 1663 perpetues
481 1600 649 1648 consuetudinis
667 1617 721 1665 erga
738 1618 778 1651 me

105 1666 191 1714 oblitus
200 1681 247 1713 esse
253 1665 339 1724 videar,
348 1674 416 1712 autte
423 1665 521 1712 oblitum
528 1674 615 1728 putem.
624 1665 712 1725 Quare,
720 1676 748 1714 ut
756 1677 780 1716 te

104 1731 164 1778 velle
174 1730 278 1784 arbitror,
290 1729 324 1776 ita
333 1729 432 1784 faciam
449 1737 518 1792 atque
526 1731 556 1776 ab
568 1745 602 1789 eo,
614 1745 684 1792 quem
696 1747 778 1780 omnes

104 1804 183 1857 gentes
198 1795 273 1842 sciunt
289 1794 318 1842 de
332 1808 370 1842 me
385 1793 471 1856 optime
485 1793 603 1854 meritum,
620 1795 719 1843 breviter
734 1812 777 1860 pe·

107 1868 163 1906 tam.

137 1924 163 1972 Si
173 1924 213 1973 ulii
228 1925 331 1972 consules
344 1930 425 1980 essent,
443 1923 472 1970 ad
486 1931 509 1970 tc
521 1922 675 1985 potissimum,
693 1924 777 1984 Paule,

103 1989 228 2046 mitterem,
240 1998 267 2037 ut
283 2005 320 2037 eos
334 1988 393 2036 mihi
408 2003 481 2050 quam
498 1987 647 2035 amicissimos
663 1988 778 2038 redderes.

105 2053 185 2111 Nunc,
197 2070 251 2101 cum
263 2063 304 2101 tua
314 2068 405 2100 summa
416 2059 523 2114 potestas,
531 2067 668 2118 summaque
678 2053 780 2100 unctori-
828 2077 833 2084 =

104 2125 148 2178 tas,
163 2127 263 2181 notaque
279 2118 386 2165 omnibus
404 2124 481 2164 nostra
496 2116 637 2176 necessitudo
652 2117 691 2176 sit,
708 2117 779 2166 vehe-

103 2191 194 2229 menter
203 2193 226 2228 te
236 2197 301 2244 rogo,
312 2189 339 2228 ut
353 2189 376 2228 et
390 2195 460 2243 quam
475 2178 701 2228 honorificentissime
711 2197 779 2230 cures

104 2245 273 2294 decernendum
290 2243 391 2293 (lemeis
405 2246 473 2292 rebus
488 2245 566 2308 gestis,
582 2254 605 2294 et
619 2246 780 2308 quam'oeler-

108 2325 173 2356 rima

139 2373 231 2434 Dignos
243 2387 278 2420 res
289 2387 336 2420 esse
345 2373 431 2421 honore
444 2381 467 2421 et
479 2373 639 2436 gratulatione,
654 2389 778 2436 cognosces

106 2453 136 2492 ex
146 2437 174 2484 iis
184 2436 264 2496 literis,
275 2451 333 2500 quse
344 2437 373 2495 ad
384 2447 407 2484 te
417 2446 440 2486 et
452 2437 563 2500 eollegsm
575 2445 599 2484 et
613 2447 718 2486 senatum
731 2455 779 2502 pu-

105 2501 165 2549 blice
174 2500 240 2548 misi:
258 2501 409 2564 omniumque
421 2517 526 2548 mearum
536 2501 677 2564 reliquorum
688 2517 778 2564 rerum,

106 2565 254 2628 maximeque
264 2564 438 2623 existimationis
453 2580 519 2623 mear,
530 2565 714 2627 procurationem
728 2582 780 2614 sus·

106 2637 197 2692 ceptam
215 2628 284 2677 velim
300 2628 392 2677 habeas.
414 2629 444 2676 In
460 2628 586 2692 primisque
603 2628 646 2676 tibi
660 2643 722 2677 curse
739 2631 779 2691 sit,

127 2692 171 2740 *od
189 2694 230 2742 abr
247 2699 270 2742 te
287 2692 442 2757 superioribus
458 2707 551 2756 quoque
566 2692 639 2741 literis
651 2692 732 2757 petivi,
748 2709 780 2758 pe
