1820 2944
121 137 153 193 ὅθ
209 133 260 182 Al)
277 131 454 183 DIVERSOS.
473 133 533 182 lun.
550 129 627 182 Xlll.
642 132 683 180 62.

118 265 204 330 npieeoe
217 261 291 326 potui.
313 261 378 310 Eum
388 261 431 311 tssri
441 263 473 312 ita
487 255 632 323 tommendo,
642 268 670 308 ut
683 259 790 313 hominos
891 297 892 300 =

119 329 178 394 grati
193 335 215 375 et
229 339 341 374 memores
359 329 419 375 bene
434 326 528 376 meritos
543 326 574 374 de
588 341 613 373 se
627 325 790 376 conmendare

119 395 210 442 debent.
236 389 374 453 Pergratum
383 391 443 439 mihi
452 391 540 450 feceris,
557 391 577 438 si
590 390 630 438 ille
639 389 790 452 intellexerit,
891 411 892 434 ;

119 473 152 516 se,
161 455 223 520 quod
233 469 275 518 pro
286 455 359 504 salute
368 457 422 504 meis
432 457 507 504 multa
517 455 618 518 pericula
627 453 716 514 adierit,
728 471 790 518 saepe
891 475 892 510 ι

119 521 195 569 hieme
205 518 297 567 summi
304 521 425 584 navigant,
437 536 479 584 pro
490 520 531 567 tui
539 535 593 582 erga
603 533 641 566 me
651 519 789 569 benevolen-

119 585 161 647 ut,
168 592 261 650 gratum
268 583 338 633 etiam
348 585 391 633 tibi
400 585 486 633 iecisse·
504 583 571 633 Vale.
715 641 717 652 Ι

155 777 225 846 (u.)
243 777 319 850 uu.
332 775 361 828 c.
379 776 407 826 e.
420 775 522 836 snm,
539 775 662 829 enom
680 776 748 828 sn.

154 909 346 973 (Argumentum.
353 905 545 954 -Gommendst
555 903 668 952 Pinnium
676 905 795 970 Bithyniae
891 931 892 967 q

110 973 256 1038 ·propraetori
265 973 291 1020 in
302 969 414 1036 exigendi
425 970 532 1034 pecunie,
543 985 615 1034 quam
630 969 793 1020 eiNicaeenses
891 973 892 1030 l

124 1035 257 1099 debebant)

157 1165 213 1215 'ltto
225 1166 309 1213 Pinnio
319 1163 495 1212 familiarissime
506 1179 544 1211 me
554 1179 624 1212 usum
636 1181 692 1224 esse,
704 1164 760 1212 seire
771 1173 795 1214 te

126 1233 238 1280 arbitror:
256 1231 318 1294 quod
334 1229 428 1293 quidem
444 1229 483 1276 ille
500 1237 635 1277 testamento
656 1229 793 1276 declaravit:

130 1296 167 1343 'ui
177 1311 224 1354 me,
236 1311 289 1342 cum
305 1303 412 1353 tutorem,
430 1301 482 1340 tum
496 1292 566 1340 etiam
582 1293 709 1340 seeundum
722 1289 796 1341 haere·
891 1315 892 1342 t

126 1310 189 1417 dem,
197 1358 327 1406 instituerit.
343 1357 403 1418 Ejus
413 1357 470 1414 filio,
477 1357 535 1404 mire
542 1357 651 1417 studioso,
663 1366 686 1404 et
696 1357 795 1418 erudito,

125 1432 148 1470 et
165 1423 276 1480 modesto,
295 1422 417 1496 pecuniam
433 1421 564 1468 Nicaeenses
576 1421 686 1484 grandem
703 1421 795 1482 debent,

127 1486 157 1534 ed
174 1485 217 1534 HS
231 1494 343 1548 octogies:
361 1493 392 1544 et,
407 1493 434 1532 ut
449 1484 527 1543 audio,
543 1485 568 1530 in
583 1485 664 1549 primis
680 1485 761 1534 volunt
775 1487 797 1534 ei
891 1510 892 1526 ι

128 1550 221 1607 enitere.
243 1549 381 1612 Pergratum
395 1548 466 1612 igitur
476 1547 535 1595 mihi
545 1547 624 1598 feceris
635 1549 738 1613 (quando
749 1565 797 1598 non
891 1588 892 1602 ,

127 1613 198 1674 modo
212 1613 295 1678 reliqui
311 1622 405 1672 tutores,
423 1613 465 1676 qui
478 1613 562 1672 sciunt,
577 1615 658 1678 quenti
669 1629 707 1662 me
717 1613 797 1673 iacias,

128 1679 168 1736 aad
185 1678 255 1726 ettam
272 1693 330 1740 puer
348 1677 396 1740 ipse
411 1675 455 1724 sibi
472 1677 592 1740 persuasit,
610 1687 634 1726 te
650 1677 728 1726 omnia
743 1679 798 1727 mei
891 1709 892 1725 t

128 1742 197 1800 causi
211 1743 326 1790 facturum
339 1739 407 1801 esse),
416 1741 440 1788 si
451 1741 538 1788 dederis
553 1757 654 1806 operam,
669 1743 745 1806 quoad
755 1753 798 1790 tua

129 1807 186 1858 fides
197 1807 341 1872 dignitasque
351 1806 459 1870 patietur,
471 1812 497 1852 ut
508 1809 690 1871 quamprimum
700 1807 799 1872 pecunia
891 1804 892 1834 ἲ

131 1871 217 1920 Pinnio
227 1871 328 1920 solvatur
338 1870 495 1918 Nieaeensium
505 1871 605 1920 nomine.
622 1871 690 1921 Vale.

87 2044 91 2050 ‘
131 2083 138 2090 -
177 2061 672 2131 (⁶2.)u.u.o.1³.s1mo,rn01³n.
691 2063 757 2113 sn.

166 2191 533 2257 (Argumentum-Deatilio
550 2194 634 2258 gratias
651 2193 714 2257 agita
732 2211 803 2243 suum

132 2257 227 2306 frruem
238 2255 402 2318 commendet.)
509 2264 520 2305 t

434 2347 501 2358 ——n

166 2385 199 2432 Et
209 2385 234 2430 in
245 2384 314 2432 Atilii
321 2386 412 2450 negotio
423 2394 446 2434 te
456 2381 540 2434 amirei.
559 2385 621 2434 Oum
632 2385 694 2433 eninr
705 2400 755 2434 sero
765 2403 806 2436 ve-

134 2450 227 2507 nissem,
239 2458 317 2496 tamen
332 2451 454 2499 honestum
468 2451 569 2515 equitem
584 2451 719 2498 Romanum
735 2453 807 2500 bene-

135 2513 187 2562 iioio
202 2523 242 2561 tuo
253 2515 391 2564 conservavi.
416 2515 449 2562 Et
467 2513 619 2580 (mehercule)
638 2529 727 2578 semper
738 2516 808 2564 siein
891 2515 892 2564 ζ

135 2579 215 2626 ammo
222 2577 303 2634 hebui,
313 2587 335 2626 te
343 2580 367 2626 in
375 2593 428 2628 meo
439 2595 483 2628 aere
491 2593 540 2626 esse
549 2587 643 2642 propter
653 2578 743 2626 Iiuniae
754 2594 809 2628 nos·
891 2595 892 2606 ¹

135 2643 168 2692 tei
189 2642 373 2703 conjunctionem
399 2653 422 2692 et
444 2643 584 2708 singularem
610 2643 810 2696 necessitudinum
891 2651 892 2654 ’
