1820 2944
90 163 106 210 2
192 157 242 209 AD
258 159 435 212 mveltsos.
453 161 513 210 lent.
530 161 605 214 XIII.
625 165 647 211 l.

86 291 155 356 gabo,
166 304 196 338 ne
206 288 263 352 quid
270 288 355 338 invitus
361 289 414 338 mei
421 290 578 340 taueifaeinot
595 291 636 340 aed
645 291 678 351 id,
690 293 753 356 quod

86 354 140 408 mei
156 353 269 416 intelliges
283 355 393 412 multum,
405 355 447 402 tui
460 356 549 403 nullam
563 356 588 403 in
602 365 699 420 partem,
715 357 752 403 in-

85 428 176 478 teresse,
194 417 227 466 ite
242 415 301 493 mihi
315 417 363 480 dee,
380 418 464 479 sitini,
479 427 506 467 ut
523 420 547 468 id
563 421 659 468 libenter
673 419 751 482 fenus,

86 491 139 531 ante
149 497 293 546 persuaseris.

117 547 179 595 Cum
198 547 297 594 Patrone
316 545 430 610 Epicureo
448 547 507 596 mihi
525 548 603 596 omnia
619 558 688 606 sunt;
705 547 751 597 nini
820 585 822 590 .

84 611 147 675 quod
157 611 182 658 in
192 605 335 674 philosophid
345 609 489 660 vehementer
501 614 531 661 ab
539 628 566 661 eo
573 611 690 662 distentior
703 613 750 662 Sed

83 685 106 724 et
123 675 188 723 initio
206 675 297 733 Romae,
313 691 366 722 oum
381 684 404 723 te
416 691 508 740 quoque
520 685 543 726 et
557 685 608 724 tuos
619 693 697 726 omnes
707 680 750 726 ob-

82 741 194 797 servabat,
212 753 250 787 me
265 738 334 788 eeluie
350 739 375 786 in
391 741 485 803 primns
504 748 527 788 et
542 753 624 805 nuper,
639 755 693 788 oum
712 757 748 801 ea,

82 820 135 868 quoe
149 802 229 862 voluit,
241 803 270 850 de
284 803 331 850 suis
347 805 472 852 commodis
485 813 508 851 et
519 806 626 869 praemiis,
641 821 748 854 oonoeeu-

80 877 118 916 tus
130 877 171 926 est,
183 883 221 914 me
230 867 312 914 habuit
326 882 421 916 suorum
432 867 575 916 defensorum
587 877 609 916 et
620 870 746 918 amicorum

79 931 127 980 lere
141 929 283 995 principem:
301 931 370 978 etiam
388 945 403 979 a
420 931 518 979 Phndro
533 933 586 996 (qui
600 933 674 992 nobis,
691 949 745 981 eom

78 996 145 1060 pueri
166 1011 274 1054 essemus,
299 1003 422 1058 antequam
444 996 566 1044 Philonem
587 997 743 1058 cognovimus,

78 1060 153 1119 valde,
164 1069 191 1107 ut
201 1055 357 1123 philosophus,
366 1057 444 1122 postea
454 1068 539 1117 temen,
550 1067 578 1107 ut
584 1059 618 1108 vir
628 1063 710 1118 bonus,
722 1069 746 1108 et

79 1125 163 1181 suavis,
175 1133 197 1172 et
207 1123 327 1182 officiosus,
341 1125 490 1188 probabatur)
500 1123 597 1176 traditus
612 1124 670 1172 mihi
680 1139 744 1172 eom-

77 1189 245 1251 mendemsque
255 1196 295 1236 est.

110 1255 136 1303 Is
146 1253 217 1316 igitur
227 1253 298 1317 Patro
309 1267 362 1300 eum
373 1251 403 1299 ed
416 1266 455 1300 me
465 1252 567 1300 Romam
576 1252 654 1302 literas
667 1253 747 1302 miele-

55 1345 63 1356 κ
77 1328 119 1378 eet,
133 1317 167 1366 uti
177 1325 201 1364 te
210 1312 253 1364 eibi
263 1317 386 1378 placarem,
396 1324 590 1379 peteremque-nt
599 1317 675 1374 nescio
685 1318 742 1382 quid

76 1383 135 1432 illud
154 1379 250 1443 Epicuri
266 1379 429 1442 parietinarum
446 1380 490 1428 sibi
512 1381 658 1438 concederest
684 1381 743 1432 nihil

75 1446 154 1510 seripel
173 1439 202 1492 ad
221 1446 290 1491 teob
309 1458 362 1490 eam
372 1459 430 1504 rem,
448 1445 511 1508 quod
529 1445 742 1496 ndifioationis'tnae

75 1507 195 1560 consilium
214 1507 267 1554 mei
287 1508 482 1556 commendatione
501 1509 607 1557 nolebam
626 1507 745 1572 impedirl'

75 1573 152 1634 Idem,
163 1580 190 1620 ut
200 1571 252 1619 veni
263 1571 375 1632 Adtende,
387 1587 449 1632 oum,
461 1573 523 1621 idem
533 1581 561 1620 ut
575 1573 605 1620 ud
619 1582 642 1620 te
656 1573 740 1621 eonibe-

72 1653 130 1698 rem,
141 1637 257 1700 roglaenet3
274 1637 304 1683 ob
319 1649 370 1683 enm
381 1649 472 1685 oausam
489 1637 627 1700 impetravit,
643 1637 706 1700 qnod
716 1645 740 1686 te

71 1703 178 1764 abjecisse
187 1701 252 1748 iilam
268 1699 439 1766 edificationem
456 1702 573 1749 oonntabat
586 1701 646 1748 inter
658 1717 739 1750 omnen

69 1768 154 1816 amieos
168 1774 226 1812 tuno
251 1763 321 1824 Quod
339 1764 358 1812 ei
376 1764 409 1812 ita
423 1773 465 1826 eat,
481 1774 504 1813 et
520 1765 540 1812 ei
553 1767 603 1827 jam
616 1766 685 1830 pinne
698 1767 740 1815 tui

68 1831 127 1880 nihil
141 1831 245 1888 interest,-
256 1828 333 1885 velim,
351 1828 371 1876 si
388 1845 434 1895 qua
451 1829 617 1878 offensiuncula
629 1830 689 1879 saeta
704 1839 745 1880 est*

69 1895 141 1945 anirni
159 1893 202 1952 tui,
221 1892 365 1956 perversitate
379 1891 510 1956 aliquorum
526 1895 591 1948 (novi
604 1895 667 1942 enim
681 1910 737 1958 gen-

69 1970 117 2009 tem
134 1959 218 2016 illam),
238 1955 277 2004 dea
291 1965 314 2004 te
331 1957 361 2005 ad
374 1957 500 2016 lenitatem,
512 1959 549 2006 vel
561 1967 653 2022 propter
670 1967 736 2006 tuem

66 2037 183 2073 summam
193 2021 370 2080 humanitatem,
377 2022 413 2069 vel
421 2022 490 2070 etiam
499 2022 591 2070 honoris
601 2023 648 2069 mei
658 2022 735 2070 eauoi.

99 2086 225 2151 Equidem,
236 2085 264 2146 ei,
279 2083 336 2149 quid
350 2086 399 2149 ipse
413 2087 518 2144 sentiam,
530 2086 621 2149 quereris,
632 2099 682 2142 nec,
694 2100 742 2132 our·

65 2154 107 2203 ille
117 2161 234 2213 tantopere
244 2149 373 2208 oontendnt,
382 2149 455 2207 video,
467 2165 509 2197 nee
519 2165 560 2196 cur
567 2158 593 2197 tu
604 2162 733 2212 repugnent

66 2218 110 2266 niti
128 2226 205 2263 tamen
221 2213 296 2261 multo
313 2213 391 2261 minna
408 2213 450 2261 tibi
464 2213 556 2262 concedi
571 2221 645 2277 potest
660 2227 741 2276 quam‘

65 2283 109 2341 illi,
126 2281 229 2328 laborare
248 2278 297 2326 sine
313 2277 388 2326 neuen
414 2277 565 2340 Quamquam
588 2277 692 2327 Petronis
710 2285 733 2326 et

65 2347 190 2398 orationem
208 2351 231 2390 et
246 2355 338 2391 munem
351 2342 393 2390 tibi
406 2341 520 2403 oognitam
535 2355 584 2388 ense
599 2347 659 2388 oerto
669 2341 731 2391 atior

63 2413 182 2467 honorem,
194 2405 303 2466 officiam,
315 2413 500 2455 tentamentorum
512 2406 559 2464 jna,
571 2405 667 2467 llpiouri
677 2421 732 2456 aue.
805 2437 813 2452 .
826 2408 828 2412 '

63 2477 187 2531 toritatem,
195 2469 288 2519 Phadri
293 2471 475 2528 obtestationem,
482 2468 568 2528 nedum
577 2469 731 2534 domicilium,

63 2541 117 2591 ιω·
136 2539 141 2550 “
171 2535 316 2586 nummorum
331 2533 460 2589 hominum,
478 2532 522 2580 sibi
537 2533 623 2582 tnerrde
632 2550 682 2585 enee
695 2537 731 2585 di.

61 2607 99 2656 cit.
145 2610 207 2650 otem
221 2599 321 2648 neminie
335 2597 405 2646 vitam
419 2595 586 2660 rationmaqne,
605 2613 676 2662 quem
694 2617 730 2650 se.

60 2671 140 2736 quitur
148 2667 173 2716 in
185 2663 338 2734 philosophie,
350 2661 500 2723 ἀιτίᾱωιιιιι,
507 2661 569 2724 lieet,
581 2663 601 2712 ei
611 2663 729 2730 hencejut

523 2787 545 2842 N
