1764 2942
227 123 278 173 Ab
294 125 465 175 ATTICUM.
483 127 542 174 istu.
555 127 585 175 V.
600 127 637 174 lt.
719 127 765 183 28¹1

96 259 120 298 ut
129 251 216 302 faciam
228 266 300 318 quam
310 256 409 304 minimi·
419 255 481 304 illius
495 255 640 304 contumeiid.
663 255 710 304 Sed
720 256 765 305 hoc

95 315 170 364 Bruto
178 329 257 368 nostm
265 320 335 368 velim
343 319 414 380 dicas,
423 319 490 368 ilium
498 319 575 368 fecisse
583 335 629 368 uon
638 319 706 378 belle,
713 321 764 384 qui,

94 381 196 432 adventu
206 399 269 446 meo,
278 398 349 449 quam
356 384 488 448 longissime
495 385 602 449 potuerit,
611 384 743 434 discesserit.

156 533 158 540 ¹
226 575 297 633 (sn.)
313 573 442 622 crunno
458 573 593 622 sumno
610 577 634 624 a

121 701 301 762 Quamvellem
312 703 469 761 Rcmaecsscs,
484 701 505 749 si
519 701 578 750 forte
590 717 687 752 nonest
704 703 763 752 nihii

91 766 153 813 enim
166 766 223 814 certi
232 766 382 825 habebamus,
393 767 438 814 nisi
448 766 559 830 accepisse
572 781 615 814 nos
626 776 677 816 tues
687 769 764 816 literas

91 831 143 879 ad.
159 831 227 878 XIV
239 829 290 878 Cal.
302 831 399 879 Sextiles
414 831 494 885 datast
511 831 534 877 in
552 832 636 894 quibus
652 833 763 896 scriptum

91 903 158 952 esset,
167 904 190 942 te
200 894 226 941 in
234 894 332 958 Epirum
342 895 429 942 iturum
436 895 524 942 circiter
532 895 582 943 cu.
592 895 695 943 Sexffles.
707 896 762 955 Sed,

90 959 136 1006 sive
144 961 231 1007 Rumae
238 975 270 1016 es,
280 960 326 1006 sive
334 959 358 1006 in
364 959 446 1026 Epiro,
456 959 538 1006 Partiri
545 959 680 1022 Euphraten
689 969 763 1008 nans-

91 1021 177 1082 inunt,
192 1019 252 1070 duce
263 1023 358 1080 Pacoro,
370 1023 463 1081 Orodis,
474 1024 535 1086 regis
550 1023 698 1081 Parthorum,
705 1024 761 1083 filio,

91 1088 180 1136 mnctis
191 1087 239 1134 fere
249 1087 326 1150 copiis.
347 1087 446 1136 Bibulus
456 1087 559 1134 nondum
570 1087 705 1135 audiebatur
715 1103 763 1136 essc

91 1152 115 1200 in
127 1151 204 1215 Syriis.
222 1151 314 1199 Cassius
324 1151 442 1216 inoppido
452 1151 580 1198 Annochiae
587 1167 641 1198 cum
649 1152 762 1200 omniex-

93 1217 172 1265 ercitn.
190 1215 242 1263 Nos
254 1217 278 1262 in
288 1213 435 1278 Cappadocii
442 1216 472 1263 sd
480 1215 588 1262 'Paucum
596 1217 650 1263 nuri
660 1217 761 1264 exercitu

92 1282 122 1330 ad
131 1279 247 1344 Cybistra.
267 1280 348 1327 Hostis
354 1279 380 1326 in
389 1278 550 1343 Cyrrhestici;
567 1295 620 1343 quae
628 1280 700 1344 Syria
709 1296 763 1344 pars

91 1345 200 1410 proxima
210 1353 244 1392 est
253 1344 375 1408 prouincia
383 1359 447 1392 mee.

92 1431 95 1440 ·
124 1409 171 1458 His
182 1408 290 1456 derebus
304 1409 384 1472 scripsi
398 1409 428 1456 ad
439 1417 558 1457 serratumt
575 1424 633 1472 quas
643 1409 728 1468 literas,
740 1410 761 1458 si

92 1475 176 1523 nomn
186 1488 219 1532 cs,
230 1471 326 1533 videbis,
337 1481 434 1536 putesne
444 1473 585 1528 rcddmdasz
597 1475 708 1533 etmulti,
716 1474 762 1522 im-

92 1553 132 1588 mo
141 1537 235 1586 omnia:
253 1551 352 1601 qnorum
364 1547 491 1600 κιφαλαιον,
503 1537 601 1602 nequid
618 1539 689 1604 (inter
703 1555 762 1588 casa

94 1611 117 1652 st
126 1609 238 1668 porrecta
256 1610 283 1649 ut
296 1599 373 1663 aiunt)
390 1602 463 1650 oneris
473 1603 532 1650 mibi
542 1603 640 1652 addatur
650 1612 691 1652 sut
700 1612 761 1652 tem-

94 1667 162 1731 porie
179 1666 254 1714 Nobis
265 1666 335 1725 eninr,
353 1667 397 1714 hac
410 1667 542 1716 infirmitate
551 1669 671 1728 'exercitia
683 1667 762 1732 inopid

94 1732 214 1788 cocionum,
221 1730 345 1794 presertim
353 1730 465 1791 fidelium,
472 1733 623 1780 certissimum
631 1733 760 1780 subsidium

95 1805 128 1844 est
138 1796 217 1842 hiems.
234 1793 301 1842 Idaei
312 1795 406 1854 venerit,
417 1809 459 1842 nec
471 1795 507 1842 illi
520 1804 573 1842 ante
583 1796 608 1842 in
619 1811 696 1844 meam
706 1812 759 1858 pro·

96 1860 191 1909 vindam
201 1859 338 1918 transierint,
350 1873 424 1905 unum
435 1874 520 1915 vercor,
537 1873 566 1905 ne
581 1867 679 1917 senatus,
691 1874 732 1921 pro
750 1887 760 1898 -

95 1933 128 1973 ter
144 1926 283 1972 urbanarum
293 1936 370 1970 rerum
381 1930 478 1978 metum,
497 1921 635 1994 Pompeium
651 1923 709 1969 nolit
725 1875 761 1968 ‹i-

96 1989 188 2038 mittere
206 1986 277 2047 Quod
294 1986 314 2034 si
330 1985 403 2032 alium
413 1984 493 2033 adver
505 1985 585 2043 mittut,
600 1997 647 2032 non
663 1985 758 2034 laboro:

96 2054 158 2102 nobis
168 2052 236 2100 modo
246 2050 354 2114 temporis
365 2064 394 2096 ne
405 2049 461 2111 quid
471 2057 611 2113 prorogetur.
781 2097 790 2107 ,

99 2127 101 2136 ’
126 2119 183 2166 Haet
197 2117 275 2180 igitur,
287 2115 308 2162 si
318 2115 402 2162 Roma
414 2125 453 2164 cs:
467 2113 502 2161 sin
518 2115 580 2172 abes,
597 2120 638 2160 eut
652 2109 721 2160 etiam
738 2112 759 2161 si

97 2183 154 2242 sdes,
164 2182 212 2228 hcc
219 2181 313 2243 negotia
327 2178 359 2226 sic
373 2191 398 2225 se
407 2178 500 2226 habent.
519 2177 612 2226 Stamus
622 2176 713 2235 scintis,
724 2187 755 2238 ct,

97 2247 148 2312 quia
157 2245 252 2294 masiliis
270 2246 308 2308 (ut
318 2241 435 2304 videmur)
450 2242 516 2291 bouis
526 2243 622 2301 utimur,
639 2257 758 2306 speramus

97 2313 160 2360 edum
170 2324 247 2358 manu.
270 2309 334 2357 Tuto
344 2308 495 2367 consedimus,
507 2307 596 2370 copioso
606 2323 621 2354 s
630 2306 755 2366 frumento,

85 2400 86 2411 π
99 2375 194 2424 Ciliciam
204 2387 275 2437 prope
283 2373 441 2437 conspiciente,
450 2371 556 2435 expedito
565 2371 595 2418 ad
605 2371 754 2430 mutandum,

98 2440 156 2496 l⁰⁰⁰3
171 2453 239 2501 parvo
250 2439 358 2497 exercitu,
376 2437 415 2485 sed
432 2440 469 2491 (ut
478 2433 555 2499 spero)
571 2435 602 2482 ad
618 2437 755 2482 benevolen-

99 2504 151 2553 tiam
160 2518 211 2564 erga
220 2515 261 2549 noe
271 2502 424 2550 consentiente
433 2519 439 2549 ε
457 2515 528 2564 quam
538 2513 588 2556 nos,
599 2499 703 2555 Deiotari
713 2497 755 2544 cd·

100 2577 163 2618 ventu
172 2565 280 2616 cummis
291 2566 397 2615 omnibus
408 2565 487 2630 copiis,
500 2562 638 2626 duplicaturi
652 2575 753 2610 umus.
