1788 2942
240 145 290 196 AD
305 141 474 194 ATTIOUM.
491 141 552 188 Lis.
564 140 639 190 VIII.
658 133 697 189 16.
750 145 798 193 395

76 296 79 306 ·
130 247 311 339 igiturisducit,
330 273 370 322 sed
386 285 461 319 sermo
476 269 608 326 hominum,
625 269 666 333 qui
683 268 714 316 ud
731 285 770 318 me
784 288 798 319 a

14 365 31 379 ,ψ
133 341 258 390 Philotimo
269 337 382 387 scribitur.
400 336 425 382 Is
436 333 498 382 enim
508 349 547 382 me
562 336 591 382 ub
602 334 752 397 optimatibus
768 336 801 384 sit

132 405 254 457 onustindi.
272 401 365 462 Quibus
375 398 533 462 optimatibus,
545 397 586 445 Dii
595 399 670 446 boni?
687 399 728 463 qui
740 411 804 449 nunt

133 469 257 532 quomodo
268 464 404 514 occurrunt!
423 462 549 527 quomodo
559 469 637 509 autem
649 479 672 510 se
683 463 802 512 venditant

134 533 234 581 Oaesari!
253 528 384 592 Municipia
400 543 453 576 vero
469 525 565 574 Deum:
583 541 625 574 neo
644 525 762 587 simulant,
775 537 802 576 ut

134 613 188 644 eum
199 597 227 642 de
237 595 279 642 illo
290 602 374 658 aegroto
384 600 437 641 vota
447 591 567 640 faciebant.
584 591 631 639 Sed
640 591 717 654 plane,
734 593 802 657 quid-

133 659 190 722 quid
205 659 263 706 msli
275 658 313 706 hio
331 657 463 704 Pisistratus
480 671 527 703 non
543 655 629 715 fecerit,
647 664 696 703 tam
706 666 800 720 gratum

134 731 176 782 est,
189 738 260 787 quam
271 723 291 770 si
301 722 373 770 alium
387 721 461 769 faeere
471 719 620 784 prohibuerit.
637 720 709 769 Hunc
724 723 803 785 propi.

133 787 193 834 tium
204 796 310 850 sperant;
326 786 395 833 illum
405 786 491 832 iratum
501 791 591 848 putant.
611 783 677 842 Quas
689 785 738 833 fieri
749 802 801 834 oen-

133 867 167 898 ses
179 869 313 904 απαντησεις
323 849 468 913 exoppidis?
485 864 543 912 quos
551 847 665 896 honores?
676 849 798 913 Metuunt,
853 905 854 909 Ἰ

134 915 231 979 inquies.
251 915 325 962 Credo
334 933 341 962 ε
359 915 399 962 sed
410 911 560 974 (mehercule)
570 913 638 960 illum
648 915 730 977 magis.
738 916 802 963 ·Hu.

131 980 171 1040 jus
178 977 285 1028 insidiosi
292 978 413 1027 clementii
423 978 577 1026 delectantur:
589 976 652 1025 illius
662 978 804 1028 habundium

133 1043 265 1092 formidant.

167 1109 263 1156 Judices
277 1107 397 1165 DCCCL,
408 1107 450 1170 qui
460 1106 575 1170 precipue
586 1104 658 1155 Cnaeo
670 1115 747 1156 nostro
762 1109 803 1158 de·

133 1173 285 1230 leotabantur,
302 1188 331 1220 ex
347 1172 432 1236 quibus
448 1170 549 1234 quotidie
565 1170 666 1234 aliquem
679 1171 753 1232 video,
766 1189 806 1222 ne·

135 1237 181 1285 seio
191 1253 249 1300 quus
260 1238 309 1298 ejus
320 1236 429 1284 Lucerias
442 1235 544 1283 horrent.
561 1232 646 1298 Itaque
660 1251 747 1300 quero,
762 1238 804 1301 qui
816 1273 819 1278 -

135 1302 181 1348 sint
190 1301 228 1348 isti
238 1301 368 1364 optimates,
380 1300 421 1364 qui
431 1315 469 1347 me
480 1300 610 1356 exturbent,
622 1315 675 1346 oum
685 1301 730 1363 ipsi
740 1301 804 1350 domi

133 1373 250 1412 maneant.
278 1365 324 1413 Sed
350 1373 437 1422 tamen,
459 1363 600 1426 quicumque
622 1373 685 1424 sunt,
707 1364 803 1424 αιδεομαι

134 1436 221 1490 Τρωαςε
239 1429 289 1487 etsi,
299 1428 346 1492 qui
357 1444 397 1492 spe
404 1427 539 1488 proficiscar,
551 1426 630 1484 video3
643 1429 803 1492 conjungoque

133 1507 172 1540 me
180 1508 233 1540 cum
241 1490 343 1550 homine;
352 1493 426 1554 magis
437 1492 467 1539 ad
477 1491 611 1540 vastandam
619 1491 721 1551 Italiam,
731 1509 802 1556 quam

1 1554 12 1629 ζ
90 1589 92 1595 ,
131 1556 415 1620 odvinoendumparato:
427 1557 531 1616 demum,
543 1570 613 1620 quem
622 1559 801 1620 exspecto...Et

135 1623 238 1684 quidem,
248 1637 301 1669 oum
309 1621 359 1668 hmo
367 1621 501 1681 scribebam,
510 1621 548 1669 IV
557 1621 582 1667 N
583 1635 645 1679 onus,
652 1622 702 1682 jum
709 1638 802 1686 exspec.

135 1689 213 1735 tabam
228 1685 316 1750 aliquid
331 1702 346 1732 a
362 1685 494 1733 Brundisio.
518 1685 583 1744 Quid
599 1694 677 1733 autem
694 1686 802 1750 aliquid?

136 1767 207 1814 quum
217 1751 270 1798 iude
284 1751 381 1813 turpiter
391 1750 495 1812 fugisset,
511 1758 533 1796 et
543 1749 614 1797 victor
623 1749 662 1798 hic
676 1750 724 1812 quit
734 1767 758 1798 se
767 1767 803 1799 re-

134 1815 211 1872 ferret,
223 1823 246 1859 et
256 1829 310 1874 quo.
327 1813 399 1870 Quod
409 1814 450 1859 ubi
461 1812 585 1871 audissem,
594 1813 614 1860 si
623 1813 663 1860 ille
673 1813 755 1876 Appiis
762 1830 801 1863 ve·

135 1877 203 1937 niret,
214 1891 256 1939 ego
264 1875 383 1939 Arpinum
391 1875 527 1937 oogitubum.

194 2174 398 2212 Errsnontltum
417 2174 492 2210 ΤΟΜΙ
509 2172 633 2211 securim
650 2173 735 2210 rutis.

187 2587 189 2594 ’
274 2593 666 2620 Μ

272 2645 376 2679 ΕΧΟΠΒΠ
393 2647 413 2678 'l'a
429 2648 541 2692 DAVISON,
558 2653 667 2687 tormlrsl.
