1784 2944
130 179 176 245 u'u
240 155 291 241 io
310 193 488 244 orvunsos.
507 193 567 243 ns.
579 193 636 244 xv.
656 174 693 242 11.

130 324 209 386 bique,
228 337 282 371 eum
299 339 341 388 pro
357 340 434 372 rerum
453 324 612 388 magnitudine
628 339 687 387 ques
702 323 801 388 gessisti,

131 395 183 434 tum
199 403 241 450 pro
257 389 425 451 opportunitate
439 389 558 452 temporis,
573 389 683 452 gratulor,
699 389 764 452 quod
779 397 803 436 te

131 451 160 498 de
170 451 287 514 provincis
297 453 442 502 decedentem
453 469 544 501 summu
554 454 605 500 laus
613 461 636 500 et
646 467 740 501 summa
750 467 803 516 gra-

131 515 164 562 tia
171 516 293 578 provincie
302 527 420 580 pmseeuta
430 527 471 566 est.
489 518 597 566 Tertium
607 526 649 576 est,
657 526 685 564 ut
697 517 732 576 id,
740 516 803 580 quod

131 578 161 626 de
171 580 253 628 nostris
264 583 332 628 rebus
342 597 418 630 eoram
434 579 666 632 communicissemus
679 581 803 638 internos,
880 597 881 600 ¹

133 643 344 693 conficiemusidem
349 646 427 694 literis.
435 647 496 710 Ego,
501 655 633 693 cateramm
640 658 718 692 rerum
725 644 804 702 esuri,
880 673 881 680 1

133 707 281 756 tibiRomam
289 710 458 774 properandum
465 725 603 773 magnopere
609 724 695 758 eenseo.
707 711 774 758 Nam
782 717 806 756 at
880 735 881 740 =

134 787 170 832 ea,
183 788 236 836 quae
250 774 341 838 reliqui,
352 775 476 838 tranquilla
490 775 519 822 de
531 783 554 822 te
570 782 649 830 erant3
666 783 698 834 et,
709 774 755 822 hae
765 771 806 821 tuis
880 813 881 824 2

134 837 219 884 recenti
233 836 326 887 victorii
342 837 413 898 tanti,
424 839 512 886 clarum
530 838 654 886 adventum
667 846 738 885 tuum
756 839 806 886 iore
880 835 881 886 ἶ

135 899 246 966 intelligo.
267 903 321 962 Sed,
337 903 413 966 siqua
432 912 485 950 sunt
502 918 571 950 onera
586 911 689 959 tuorum,
704 903 725 950 si
741 909 807 950 tanta
880 899 881 904 ’

137 974 200 1023 sunt,
211 975 238 1014 ut
249 982 276 1014 ea
290 968 399 1017 sustinere
413 968 493 1030 possis,
505 983 616 1031 propera;
633 965 692 1013 nihil
704 967 749 1014 tibi
764 965 807 1014 erit
880 1009 881 1014 ,

136 1030 442 1095 lautiusnihilgloriosius:
460 1032 496 1078 sin
506 1033 602 1093 majora,
609 1030 735 1094 considera,
743 1030 807 1079 nein

138 1095 302 1144 alienissimum
313 1106 404 1160 tempus
415 1096 481 1144 eadat
491 1097 601 1143 adventus
612 1103 673 1143 tuus.
880 1123 881 1150 1

171 1159 251 1222 Hujus
261 1161 294 1208 rei
304 1170 379 1210 totum
388 1161 507 1208 consilium
515 1171 582 1208 tuum
589 1169 634 1207 est:
647 1159 744 1208 tuenim
755 1159 807 1217 suis,
880 1155 881 1218 1

139 1225 196 1288 quid
207 1226 317 1274 sustinere
327 1226 406 1289 possis.
423 1225 450 1273 si
463 1233 536 1288 potas,
550 1224 666 1271 laudabile
682 1232 753 1287 atque
767 1239 809 1286 po·
880 1253 881 1270 1

139 1291 219 1352 pulare
238 1301 285 1336 ests
303 1291 337 1336 siu
356 1291 425 1352 plane
442 1303 488 1336 non
500 1297 573 1352 potes,
588 1291 669 1336 absens
685 1289 809 1335 homiuum
880 1331 881 1354 Ξ

140 1369 254 1402 sermones
268 1353 357 1400 facilius
368 1353 496 1401 sustinebis.
512 1353 550 1400 De
565 1368 604 1400 me
614 1361 692 1400 autem
703 1351 766 1399 idem
777 1361 810 1399 te-
880 1359 881 1418 j

78 1433 81 1438 ¹
140 1433 194 1464 oum
204 1419 240 1465 his
255 1433 299 1479 ago
315 1417 393 1474 literis,
410 1418 472 1480 quod
487 1418 640 1480 superioribus
653 1417 698 1479 egi,
716 1425 744 1463 ut
760 1429 810 1464 11111-
880 1419 881 1426 ’

141 1497 182 1528 nes
197 1491 249 1529 tuos
266 1496 345 1528 nervos
360 1482 385 1527 iu
402 1497 429 1528 eo
444 1481 574 1540 contendas,
586 1495 616 1528 ne
631 1477 690 1544 quid
703 1481 764 1528 mihi
781 1481 810 1528 sd

140 1545 200 1593 hane
210 1545 359 1608 provinciam,
374 1561 446 1608 quam
457 1555 480 1593 et
490 1554 581 1594 mustus
591 1554 614 1593 et
624 1546 725 1608 populus
736 1560 812 1592 unnu-

142 1626 180 1656 em
197 1625 245 1656 esse
258 1609 338 1666 voluit,
357 1610 465 1672 temporis
480 1619 620 1673 prorogetur.
639 1611 691 1657 Hoc
706 1627 721 1656 a
738 1609 811 1657 reita

142 1673 261 1730 contendo,
281 1674 347 1720 utin
367 1689 393 1720 ao
411 1675 514 1722 fertranus
535 1689 598 1721 meas
619 1675 703 1736 positas
722 1682 811 1738 putem.

142 1739 222 1787 Habes
240 1738 342 1784 Paulum
359 1745 462 1786 nostrum
480 1739 551 1786 nostri
566 1739 756 1814 cupidissimum:
779 1746 813 1786 est

143 1805 229 1850 Ourios
247 1811 280 1850 est
290 1802 398 1850 Furnius.
419 1803 465 1862 Sis,
477 1803 555 1864 velim,
567 1811 661 1862 enitare,
673 1804 741 1866 qussi
751 1803 776 1850 in
786 1817 812 1851 eo
880 1809 881 1820 ¹

143 1869 189 1917 sint
198 1867 257 1916 mihi
268 1867 353 1915 omnia.

184 1935 324 1983 Extremum
345 1931 405 1980 illud
426 1941 460 1980 est
477 1931 506 1980 de
522 1931 551 1980 iis
567 1947 620 1997 quae
638 1947 812 1996 proposueram,

143 1998 286 2051 confirmatio
302 2006 385 2044 nostres
400 1996 521 2044 amieitiae:
538 1996 568 2044 de
582 1995 629 2060 qui
643 1996 750 2060 pluribus
764 2013 814 2044 ver·

143 2065 179 2112 bis
189 2063 248 2110 nihil
259 2077 317 2124 opus
327 2070 367 2110 est.
384 2061 424 2108 Tu
434 2077 493 2124 puer
502 2077 540 2108 me
546 2061 669 2124 appetistir
682 2076 725 2124 ego
736 2069 814 2108 autem

145 2143 235 2191 semper
249 2135 383 2173 ornamento
398 2134 420 2172 te
430 2125 489 2172 mihi
506 2126 554 2172 sore
570 2125 635 2172 duxi.
658 2125 734 2172 Fuisti
745 2126 815 2173 etiam
880 2141 881 2194 1

144 2192 250 2256 praesidio
260 2189 392 2237 tristissimis
406 2189 464 2236 meis
474 2189 622 2252 temporibus.
639 2189 752 2248 Aeeesu't,
764 2196 815 2253 post
880 2199 881 2212 ¹

145 2266 213 2302 tuum
233 2255 365 2313 discessum,
383 2253 525 2301 familiaritas
542 2254 602 2300 mihi
618 2269 671 2301 oum
686 2253 763 2301 Bruto
776 2262 816 2300 tuo

146 2319 255 2366 maxima.
274 2317 357 2378 Itaque
371 2317 396 2363 in
407 2327 480 2365 vestro
492 2318 585 2380 ingenio
600 2325 623 2364 et
633 2317 746 2366 industrii
757 2318 816 2366 mihi

146 2383 274 2446 plurimum
284 2388 308 2427 et
318 2381 435 2429 suavitatis
449 2390 471 2428 et
482 2381 599 2444 dignitatis
612 2382 762 2430 eonstitutum
772 2398 817 2445 pu·
880 2403 881 2410 ¹

147 2456 179 2495 to.
203 2445 233 2492 Id
250 2453 277 2492 tu
296 2451 323 2490 ut
339 2453 380 2491 tuo
396 2445 473 2493 studio
487 2447 615 2505 confirmes,
633 2454 656 2493 te
669 2446 816 2494 vehementer

147 2527 217 2574 rogor
234 2509 356 2570 literasque
370 2509 400 2555 ad
412 2525 451 2556 me
467 2518 490 2556 et
500 2509 608 2557 continuo
620 2510 707 2570 mittes,
719 2519 751 2570 et,
763 2525 816 2558 eum

148 2577 249 2627 Romam
260 2572 356 2634 veneris,
365 2589 436 2636 quum
447 2573 578 2637 sepissime.
596 2573 663 2622 Vale.
