1784 2944
202 140 254 189 AD
265 139 442 190 mvnesos.
455 138 515 188 lara.
527 139 598 190 XVI.
609 141 649 188 il·
717 139 758 187 1³1

89 285 144 320 ema
151 269 182 318 de
192 285 232 318 me
242 270 372 334 duplicetur
379 269 462 334 opinio.
478 267 565 329 Quone,
576 269 639 332 quod
649 267 762 332 polliceris

92 345 115 383 te
130 335 302 383 buccinatorem
316 333 364 382 iore
378 334 550 381 existimationis
565 349 631 394 mese,
652 332 719 380 firmo
736 333 761 380 id

92 399 254 462 constantique
265 399 343 446 animo
353 398 422 446 iacias
434 398 493 446 licet.
510 399 615 446 Tantum
625 397 688 446 enim
702 397 761 445 mihi

92 463 195 512 dolorem
209 463 383 526 cruciatumque
392 463 518 510 attulerunt
528 473 601 510 errata
611 463 683 510 etatis
692 477 760 520 mee,

89 536 179 575 utnon
195 527 271 575 solum
289 527 380 574 animus
394 541 408 573 a
423 525 497 586 factis,
510 526 551 574 sed
564 541 629 574 aures
643 541 735 589 quoque
745 543 760 574 a

91 591 317 649 commemoratione,
326 591 468 638 abhorreant.
485 590 559 651 Cujus
569 598 591 638 te
601 590 759 639 wlbcimdinis

86 665 111 704 et
127 655 215 703 doloris
227 655 363 719 participem
376 654 454 714 ruisse,
471 663 552 702 nomm
569 655 760 718 exploratumque

92 729 125 768 est
141 719 218 767 mini:
237 733 279 767 neo
295 719 320 766 id
336 718 429 766 mirum.
452 719 526 778 Nam,
542 733 596 766 curn
613 719 690 766 omnia
706 719 759 767 mei

90 781 159 832 causi
176 783 247 832 velles
257 782 316 830 milri
330 797 443 839 mcccosat
460 791 512 830 tum
522 782 591 830 etiem
601 781 648 830 tub
665 784 757 832 Socium

92 848 154 896 enim
173 856 198 896 te
212 862 318 895 meorum
332 847 504 895 commodorum
519 861 607 910 semper
624 862 672 894 esse
688 848 758 896 volui.

90 911 162 970 Quod
173 911 247 975 igitur
252 919 303 958 tum
314 927 343 959 ex
351 927 389 959 me
399 911 500 970 doluisti,
511 925 581 970 nunc,
592 919 620 958 ut
629 911 759 974 duplicetur

90 984 158 1024 vrum
169 992 200 1024 ex
211 991 251 1023 me
261 975 380 1038 gaudium,
392 977 511 1039 prntabo.

120 1041 235 1103 Cratippo
244 1055 291 1098 me,
300 1040 363 1099 scito,
374 1053 422 1087 non
432 1049 459 1087 ut
469 1039 616 1102 discipulum,
628 1039 668 1088 sed
677 1047 704 1087 ut
714 1041 759 1088 ffli-

88 1121 139 1165 um,
150 1120 201 1152 esse
211 1104 431 1165 conjunctissimum.
455 1104 520 1151 Nam
536 1117 589 1150 oum
607 1103 676 1150 audio
690 1104 759 1152 illum

89 1170 195 1226 libenter,
207 1177 259 1216 tum
270 1168 338 1216 etiam
349 1168 465 1232 propriam
477 1169 527 1228 ejus
542 1167 678 1214 suariutem
692 1169 760 1216 velse-

82 1242 178 1282 merrter
189 1233 322 1296 amplector.
339 1234 398 1281 Suro
408 1231 521 1280 totosdies
532 1232 586 1279 cum
596 1245 632 1289 eo,
643 1230 760 1296 noctisque
856 1267 859 1284 .

90 1312 248 1362 sepenumero
263 1305 365 1360 partem:
382 1311 451 1344 exoro
462 1297 533 1355 enim,
544 1303 572 1342 ut
582 1309 674 1344 mecum
688 1311 759 1360 quam

83 1362 215 1426 sepissime
226 1367 304 1408 coenet.
321 1361 375 1409 Hac
384 1359 513 1408 nnoductt
520 1359 690 1418 consuetudine,
699 1375 759 1424 seps

9 1477 11 1488 ¹
83 1425 240 1475 inscientibus
249 1425 315 1472 nobis
326 1425 496 1472 etcoenantibus
503 1425 607 1487 obrepit;
624 1424 758 1489 sublatique

90 1490 208 1539 ”veritate
218 1489 377 1552 philosophie,
388 1489 553 1536 humanissime
568 1488 686 1538 nobiseum
695 1491 758 1550 joca·

89 1563 133 1602 tur.
158 1553 282 1613 Quareda
295 1567 397 1617 operam,
408 1561 436 1600 ut
449 1553 511 1601 hunc
521 1553 600 1613 talem,
611 1562 659 1601 tam
673 1555 758 1615 junru-

90 1619 155 1677 dum,
165 1628 214 1666 tarn
226 1618 376 1666 excellentem
386 1617 462 1665 virum
472 1617 549 1666 rideas
561 1633 633 1682 quam
646 1618 756 1682 primum.

90 1684 153 1732 Nam
165 1681 224 1747 quid
235 1697 276 1744 ego
287 1681 316 1730 de
325 1681 419 1729 Bmttio
429 1681 503 1729 (licam
513 1685 525 1730 i
541 1697 611 1746 quern
621 1683 687 1730 nullo
696 1691 757 1731 tan-

82 1763 142 1812 pore
153 1763 168 1795 s
178 1761 217 1794 me
228 1746 303 1809 patior
312 1745 439 1794 discedere:
456 1746 522 1808 cujus
532 1761 586 1794 cum
596 1746 658 1810 nugi
668 1761 757 1794 uvera-

88 1829 134 1878 que
141 1821 177 1860 est
187 1811 243 1868 vita,
255 1817 306 1858 tum
317 1809 386 1858 etiam
394 1810 560 1872 jucundissima
566 1811 683 1858 condeio.
700 1811 756 1858 Nm

89 1885 122 1926 est
135 1874 199 1924 enim
215 1875 331 1936 sejunctus
345 1875 435 1935 joeusa
449 1874 574 1952 philolopii
584 1883 607 1922 et
623 1873 756 1937 quotidiani

90 1945 217 1997 rutrnco.
235 1938 299 1986 Huic
309 1954 350 2013 eqo
357 1939 433 1986 locum
444 1941 469 1986 in
480 1953 586 2002 proxrmo
596 1937 712 1996 conduxit
723 1947 755 1997 et,

79 2012 237 2116 'utun
246 2018 275 2050 ⁶¹
285 2066 476 2114 on,
546 2001 756 2114 ww

136 2102 142 2115 .
183 2083 194 2113 r
237 2081 275 2114 rea
476 2081 542 2114 aeoea
558 2081 574 2112 u
668 2079 709 2114 um
719 2079 757 2117 m·

87 2133 166 2181 atitmr
185 2131 270 2178 latine
280 2143 357 2178 autern
368 2130 431 2194 apud
441 2082 561 2178 Bruttiurlrl
572 2129 670 2178 exerceri
681 2130 739 2178 volo.

129 2197 191 2244 Utor
213 2194 364 2242 familiaribus
385 2203 408 2242 et
423 2194 561 2258 quotidianis
580 2193 754 2255 convictoribus,

86 2277 143 2324 quos
160 2273 238 2308 secum
255 2258 376 2321 Mitylenis
392 2258 516 2333 Cratippus
533 2257 637 2319 adduxit,
655 2257 755 2306 homini-

85 2328 129 2374 bus
145 2333 169 2372 et
185 2323 257 2370 doctis
274 2329 297 2370 et
314 2323 349 2370 illi
365 2322 536 2386 probatissrmis.
559 2323 753 2372 Multum.etiarn

85 2404 178 2438 mecum
200 2395 234 2436 est
255 2387 382 2450 Epimates,
399 2387 505 2450 princeps
525 2386 712 2445 Atheniensium,
732 2396 755 2434 et

86 2453 210 2511 Midas,
225 2459 249 2502 et
266 2451 350 2500 horum
365 2450 439 2503 wiell
455 2449 548 2500 similes.
567 2459 600 2498 Τα
609 2471 649 2512 μιν
660 2469 693 2498 cos
706 2449 752 2496 καθ’

91 2519 97 2534 ‘
118 2516 216 2571 αςταὸι.

85 2537 155 2630 'mlle
168 2579 257 2642 Gorgia
268 2587 346 2628 autem
357 2579 420 2642 quod
430 2578 489 2626 milri
503 2577 590 2636 scribis,
602 2585 650 2625 erat
658 2572 752 2636 quidem
