<?xml version="1.0" encoding="UTF-8"?>
<!DOCTYPE html PUBLIC "-//W3C//DTD XHTML 1.0 Transitional//EN"
    "http://www.w3.org/TR/xhtml1/DTD/xhtml1-transitional.dtd">
<html xmlns="http://www.w3.org/1999/xhtml" xml:lang="en" lang="en">
 <head>
  <title>
</title>
<meta http-equiv="Content-Type" content="text/html;charset=utf-8" />
  <meta name='ocr-system' content='tesseract 3.04.00' />
  <meta name='ocr-capabilities' content='ocr_page ocr_carea ocr_par ocr_line ocrx_word'/>
</head>
<body>
  <div class='ocr_page' id='page_1' title='image "./operaexeditioni01cicegoog_0235.png"; bbox 0 0 1764 2942; ppageno 0'>
   <div class='ocr_carea' id='block_1_1' title="bbox 106 163 644 219">
    <p class='ocr_par' dir='ltr' id='par_1_1' title="bbox 106 163 644 219">
     <span class='ocr_line' id='line_1_1' title="bbox 106 163 644 219; baseline 0.002 -4"><span class='ocrx_word' id='word_1_1' title='bbox 106 171 154 216; x_wconf 71' lang='lat'>22⁰</span> <span class='ocrx_word' id='word_1_2' title='bbox 228 167 465 218; x_wconf 66' lang='lat' dir='ltr'>summouit</span> <span class='ocrx_word' id='word_1_3' title='bbox 482 167 542 216; x_wconf 64' lang='lat'>1:113.</span> <span class='ocrx_word' id='word_1_4' title='bbox 554 163 644 219; x_wconf 73' lang='lat' dir='ltr'>rme.</span> 
     </span>
    </p>
   </div>
   <div class='ocr_carea' id='block_1_2' title="bbox 102 291 782 552">
    <p class='ocr_par' dir='ltr' id='par_1_2' title="bbox 102 291 782 552">
     <span class='ocr_line' id='line_1_2' title="bbox 103 291 782 360; baseline 0.004 -18"><span class='ocrx_word' id='word_1_5' title='bbox 103 291 155 357; x_wconf 77' lang='lat' dir='ltr'>quis</span> <span class='ocrx_word' id='word_1_6' title='bbox 165 293 317 355; x_wconf 63' lang='lat' dir='ltr'>foramine,</span> <span class='ocrx_word' id='word_1_7' title='bbox 329 296 370 360; x_wconf 83' lang='lat' dir='ltr'>qui</span> <span class='ocrx_word' id='word_1_8' title='bbox 380 304 500 344; x_wconf 68' lang='lat' dir='ltr'>euentus</span> <span class='ocrx_word' id='word_1_9' title='bbox 509 296 592 344; x_wconf 74' lang='lat' dir='ltr'>noenu</span> <span class='ocrx_word' id='word_1_10' title='bbox 601 295 670 344; x_wconf 75' lang='lat' dir='ltr'>mals</span> <span class='ocrx_word' id='word_1_11' title='bbox 679 309 725 344; x_wconf 80' lang='lat' dir='ltr'>nnn</span> <span class='ocrx_word' id='word_1_12' title='bbox 735 301 782 344; x_wconf 71' lang='lat' dir='ltr'>es:-</span> 
     </span>
     <span class='ocr_line' id='line_1_3' title="bbox 102 358 780 424; baseline 0.003 -18"><span class='ocrx_word' id='word_1_13' title='bbox 102 367 143 406; x_wconf 71' lang='grc' dir='ltr'>σοι,</span> <span class='ocrx_word' id='word_1_14' title='bbox 161 358 244 422; x_wconf 71' lang='lat' dir='ltr'>Itaque</span> <span class='ocrx_word' id='word_1_15' title='bbox 256 375 311 408; x_wconf 86' lang='lat' dir='ltr'>eum</span> <span class='ocrx_word' id='word_1_16' title='bbox 321 361 395 408; x_wconf 72' lang='lat' dir='ltr'>malui</span> <span class='ocrx_word' id='word_1_17' title='bbox 404 375 525 424; x_wconf 73' lang='lat' dir='ltr'>properare</span> <span class='ocrx_word' id='word_1_18' title='bbox 531 361 645 420; x_wconf 66' lang='lat' dir='ltr'>Roman,</span> <span class='ocrx_word' id='word_1_19' title='bbox 653 375 724 424; x_wconf 83' lang='lat' dir='ltr'>quem</span> <span class='ocrx_word' id='word_1_20' title='bbox 740 360 780 407; x_wconf 85' lang='lat' dir='ltr'>ad·</span> 
     </span>
     <span class='ocr_line' id='line_1_4' title="bbox 103 423 773 488; baseline 0.004 -19"><span class='ocrx_word' id='word_1_21' title='bbox 103 436 142 470; x_wconf 91' lang='lat' dir='ltr'>me</span> <span class='ocrx_word' id='word_1_22' title='bbox 152 423 244 472; x_wconf 82' lang='lat' dir='ltr'>venire:</span> <span class='ocrx_word' id='word_1_23' title='bbox 262 432 285 471; x_wconf 90' lang='lat' dir='ltr'>et</span> <span class='ocrx_word' id='word_1_24' title='bbox 295 424 365 472; x_wconf 84' lang='lat' dir='ltr'>simul</span> <span class='ocrx_word' id='word_1_25' title='bbox 377 424 463 488; x_wconf 80' lang='lat' dir='ltr'>(dicem</span> <span class='ocrx_word' id='word_1_26' title='bbox 474 424 545 484; x_wconf 87' lang='lat' dir='ltr'>enim,</span> <span class='ocrx_word' id='word_1_27' title='bbox 556 424 619 488; x_wconf 88' lang='lat' dir='ltr'>quod</span> <span class='ocrx_word' id='word_1_28' title='bbox 629 439 710 473; x_wconf 67' lang='lat' dir='ltr'>smum</span> <span class='ocrx_word' id='word_1_29' title='bbox 720 433 773 481; x_wconf 69' lang='lat' dir='ltr'>este</span> 
     </span>
     <span class='ocr_line' id='line_1_5' title="bbox 104 487 775 552; baseline 0.006 -20"><span class='ocrx_word' id='word_1_30' title='bbox 104 501 133 533; x_wconf 85' lang='lat' dir='ltr'>ex</span> <span class='ocrx_word' id='word_1_31' title='bbox 139 489 186 548; x_wconf 85' lang='lat' dir='ltr'>qu&#39;o</span> <span class='ocrx_word' id='word_1_32' title='bbox 192 487 376 550; x_wconf 74' lang='lat' dir='ltr'><strong>magnitudinem</strong></span> <span class='ocrx_word' id='word_1_33' title='bbox 385 488 527 540; x_wconf 83' lang='lat' dir='ltr'>miseriarum</span> <span class='ocrx_word' id='word_1_34' title='bbox 535 489 775 552; x_wconf 84' lang='lat' dir='ltr'>mearumperspieere</span> 
     </span>
    </p>
   </div>
   <div class='ocr_carea' id='block_1_3' title="bbox 879 0 883 578">
    <p class='ocr_par' dir='ltr' id='par_1_3' title="bbox 879 0 883 578">
     <span class='ocr_line' id='line_1_6' title="bbox 879 0 883 578; baseline 0 0"><span class='ocrx_word' id='word_1_35' title='bbox 879 0 883 578; x_wconf 95' lang='lat' dir='ltr'> </span> 
     </span>
    </p>
   </div>
   <div class='ocr_carea' id='block_1_4' title="bbox 101 549 878 676">
    <p class='ocr_par' dir='ltr' id='par_1_4' title="bbox 101 549 879 676">
     <span class='ocr_line' id='line_1_7' title="bbox 103 549 781 616; baseline 0.01 -20"><span class='ocrx_word' id='word_1_36' title='bbox 103 549 185 612; x_wconf 72' lang='lat' dir='ltr'>possis)</span> <span class='ocrx_word' id='word_1_37' title='bbox 196 551 300 599; x_wconf 71' lang='lat' dir='ltr'>animum</span> <span class='ocrx_word' id='word_1_38' title='bbox 314 552 421 600; x_wconf 84' lang='lat' dir='ltr'>inducere</span> <span class='ocrx_word' id='word_1_39' title='bbox 436 567 484 600; x_wconf 86' lang='lat' dir='ltr'>non</span> <span class='ocrx_word' id='word_1_40' title='bbox 499 553 573 616; x_wconf 80' lang='lat' dir='ltr'>potui,</span> <span class='ocrx_word' id='word_1_41' title='bbox 592 561 619 602; x_wconf 88' lang='lat' dir='ltr'>ut</span> <span class='ocrx_word' id='word_1_42' title='bbox 633 561 675 600; x_wconf 80' lang='lat' dir='ltr'>eut</span> <span class='ocrx_word' id='word_1_43' title='bbox 693 553 781 614; x_wconf 84' lang='lat' dir='ltr'>illum,</span> 
     </span>
     <span class='ocr_line' id='line_1_8' title="bbox 101 615 878 676; baseline 0.005 -16"><span class='ocrx_word' id='word_1_44' title='bbox 101 615 286 664; x_wconf 83' lang='lat' dir='ltr'>amantissimum</span> <span class='ocrx_word' id='word_1_45' title='bbox 296 617 351 674; x_wconf 88' lang='lat' dir='ltr'>mei,</span> <span class='ocrx_word' id='word_1_46' title='bbox 362 616 496 665; x_wconf 87' lang='lat' dir='ltr'>mollissimo</span> <span class='ocrx_word' id='word_1_47' title='bbox 506 617 593 676; x_wconf 84' lang='lat' dir='ltr'>animo,</span> <span class='ocrx_word' id='word_1_48' title='bbox 604 625 669 664; x_wconf 86' lang='lat' dir='ltr'>tanto</span> <span class='ocrx_word' id='word_1_49' title='bbox 679 617 705 664; x_wconf 87' lang='lat' dir='ltr'>in</span> <span class='ocrx_word' id='word_1_50' title='bbox 716 631 777 664; x_wconf 83' lang='lat' dir='ltr'>mce-</span> <span class='ocrx_word' id='word_1_51' title='bbox 875 636 878 645; x_wconf 94' lang='lat'>·</span> 
     </span>
    </p>
   </div>
   <div class='ocr_carea' id='block_1_5' title="bbox 102 677 776 742">
    <p class='ocr_par' dir='ltr' id='par_1_5' title="bbox 102 677 776 742">
     <span class='ocr_line' id='line_1_9' title="bbox 102 677 776 742; baseline 0.006 -18"><span class='ocrx_word' id='word_1_52' title='bbox 102 691 152 724; x_wconf 86' lang='lat' dir='ltr'>rnre</span> <span class='ocrx_word' id='word_1_53' title='bbox 162 677 318 742; x_wconf 69' lang='lat' dir='ltr'>adspicerem</span> <span class='ocrx_word' id='word_1_54' title='bbox 335 689 376 728; x_wconf 84' lang='lat' dir='ltr'>aut</span> <span class='ocrx_word' id='word_1_55' title='bbox 386 695 449 728; x_wconf 75' lang='lat' dir='ltr'>meas</span> <span class='ocrx_word' id='word_1_56' title='bbox 461 681 572 740; x_wconf 75' lang='lat' dir='ltr'>miserias,</span> <span class='ocrx_word' id='word_1_57' title='bbox 586 681 651 728; x_wconf 88' lang='lat' dir='ltr'>luctu</span> <span class='ocrx_word' id='word_1_58' title='bbox 665 680 776 739; x_wconf 73' lang='lat' dir='ltr'>afflictus,</span> 
     </span>
    </p>
   </div>
   <div class='ocr_carea' id='block_1_6' title="bbox 102 741 877 874">
    <p class='ocr_par' dir='ltr' id='par_1_6' title="bbox 102 741 877 874">
     <span class='ocr_line' id='line_1_10' title="bbox 103 741 877 808; baseline 0.005 -17"><span class='ocrx_word' id='word_1_59' title='bbox 103 749 126 790; x_wconf 88' lang='lat' dir='ltr'>et</span> <span class='ocrx_word' id='word_1_60' title='bbox 133 741 246 806; x_wconf 84' lang='lat' dir='ltr'>perditam</span> <span class='ocrx_word' id='word_1_61' title='bbox 257 745 380 800; x_wconf 81' lang='lat' dir='ltr'>fortunam,</span> <span class='ocrx_word' id='word_1_62' title='bbox 389 745 423 792; x_wconf 93' lang='lat' dir='ltr'>illi</span> <span class='ocrx_word' id='word_1_63' title='bbox 431 745 545 805; x_wconf 86' lang='lat' dir='ltr'>offerrem,</span> <span class='ocrx_word' id='word_1_64' title='bbox 552 752 593 792; x_wconf 87' lang='lat' dir='ltr'>eut</span> <span class='ocrx_word' id='word_1_65' title='bbox 600 747 630 793; x_wconf 85' lang='lat' dir='ltr'>ab</span> <span class='ocrx_word' id='word_1_66' title='bbox 638 745 783 808; x_wconf 79' lang='lat' dir='ltr'>illosdspici.</span> <span class='ocrx_word' id='word_1_67' title='bbox 875 773 877 802; x_wconf 50' lang='grc' dir='ltr'>ς</span> 
     </span>
     <span class='ocr_line' id='line_1_11' title="bbox 102 808 876 874; baseline 0.016 -23"><span class='ocrx_word' id='word_1_68' title='bbox 102 814 197 869; x_wconf 78' lang='lat' dir='ltr'>paterer.</span> <span class='ocrx_word' id='word_1_69' title='bbox 214 809 295 872; x_wconf 80' lang='lat' dir='ltr'>Atque</span> <span class='ocrx_word' id='word_1_70' title='bbox 306 809 375 858; x_wconf 81' lang='lat' dir='ltr'>etiam</span> <span class='ocrx_word' id='word_1_71' title='bbox 385 809 444 856; x_wconf 89' lang='lat' dir='ltr'>illud</span> <span class='ocrx_word' id='word_1_72' title='bbox 454 808 573 868; x_wconf 77' lang='lat' dir='ltr'>timebam,</span> <span class='ocrx_word' id='word_1_73' title='bbox 586 808 661 874; x_wconf 90' lang='lat' dir='ltr'>(quod</span> <span class='ocrx_word' id='word_1_74' title='bbox 671 809 776 872; x_wconf 82' lang='lat' dir='ltr'>profecto</span> <span class='ocrx_word' id='word_1_75' title='bbox 875 817 876 863; x_wconf 58' lang='grc' dir='ltr'>ζ</span> 
     </span>
    </p>
   </div>
   <div class='ocr_carea' id='block_1_7' title="bbox 100 870 779 1513">
    <p class='ocr_par' dir='ltr' id='par_1_7' title="bbox 102 870 779 1187">
     <span class='ocr_line' id='line_1_12' title="bbox 102 870 777 936; baseline 0.009 -20"><span class='ocrx_word' id='word_1_76' title='bbox 102 870 229 933; x_wconf 79' lang='lat' dir='ltr'>accidisset)</span> <span class='ocrx_word' id='word_1_77' title='bbox 244 887 274 920; x_wconf 90' lang='lat' dir='ltr'>ne</span> <span class='ocrx_word' id='word_1_78' title='bbox 288 889 302 920; x_wconf 89' lang='grc' dir='ltr'>ιι</span> <span class='ocrx_word' id='word_1_79' title='bbox 318 889 356 921; x_wconf 89' lang='lat' dir='ltr'>me</span> <span class='ocrx_word' id='word_1_80' title='bbox 366 872 454 936; x_wconf 81' lang='lat' dir='ltr'>digredi</span> <span class='ocrx_word' id='word_1_81' title='bbox 464 887 510 920; x_wconf 89' lang='lat' dir='ltr'>non</span> <span class='ocrx_word' id='word_1_82' title='bbox 521 883 605 936; x_wconf 85' lang='lat' dir='ltr'>posset.</span> <span class='ocrx_word' id='word_1_83' title='bbox 629 873 777 922; x_wconf 71' lang='lat' dir='ltr'>Versabatur</span> 
     </span>
     <span class='ocr_line' id='line_1_13' title="bbox 102 933 777 1000; baseline 0.006 -18"><span class='ocrx_word' id='word_1_84' title='bbox 102 933 161 982; x_wconf 85' lang='lat' dir='ltr'>mihi</span> <span class='ocrx_word' id='word_1_85' title='bbox 173 943 266 1000; x_wconf 80' lang='lat' dir='ltr'>tempus</span> <span class='ocrx_word' id='word_1_86' title='bbox 274 937 397 990; x_wconf 70' lang='lat' dir='ltr'>illudente</span> <span class='ocrx_word' id='word_1_87' title='bbox 407 938 492 995; x_wconf 88' lang='lat' dir='ltr'>oculos,</span> <span class='ocrx_word' id='word_1_88' title='bbox 504 951 558 984; x_wconf 88' lang='lat' dir='ltr'>cum</span> <span class='ocrx_word' id='word_1_89' title='bbox 571 937 611 985; x_wconf 91' lang='lat' dir='ltr'>ille</span> <span class='ocrx_word' id='word_1_90' title='bbox 625 945 667 984; x_wconf 83' lang='lat' dir='ltr'>eut</span> <span class='ocrx_word' id='word_1_91' title='bbox 681 936 777 986; x_wconf 73' lang='lat' dir='ltr'>lictores</span> 
     </span>
     <span class='ocr_line' id='line_1_14' title="bbox 102 997 777 1064; baseline 0.004 -17"><span class='ocrx_word' id='word_1_92' title='bbox 102 997 234 1061; x_wconf 86' lang='lat' dir='ltr'>dimitteret,</span> <span class='ocrx_word' id='word_1_93' title='bbox 257 1009 298 1048; x_wconf 87' lang='lat' dir='ltr'>eut</span> <span class='ocrx_word' id='word_1_94' title='bbox 321 1003 345 1050; x_wconf 86' lang='lat' dir='ltr'>vi</span> <span class='ocrx_word' id='word_1_95' title='bbox 365 1001 500 1050; x_wconf 84' lang='lat' dir='ltr'>evelleretur</span> <span class='ocrx_word' id='word_1_96' title='bbox 518 1016 548 1049; x_wconf 88' lang='lat' dir='ltr'>ex</span> <span class='ocrx_word' id='word_1_97' title='bbox 568 1001 692 1064; x_wconf 83' lang='lat' dir='ltr'>complexu</span> <span class='ocrx_word' id='word_1_98' title='bbox 710 1016 777 1050; x_wconf 83' lang='lat' dir='ltr'>meo·</span> 
     </span>
     <span class='ocr_line' id='line_1_15' title="bbox 102 1063 778 1124; baseline 0.003 -12"><span class='ocrx_word' id='word_1_99' title='bbox 102 1063 183 1124; x_wconf 85' lang='lat' dir='ltr'>Hujus</span> <span class='ocrx_word' id='word_1_100' title='bbox 193 1063 320 1114; x_wconf 75' lang='lat' dir='ltr'>acerbitatis</span> <span class='ocrx_word' id='word_1_101' title='bbox 331 1074 448 1124; x_wconf 82' lang='lat' dir='ltr'>eventurn,</span> <span class='ocrx_word' id='word_1_102' title='bbox 459 1065 531 1112; x_wconf 69' lang='lat' dir='ltr'>alteri</span> <span class='ocrx_word' id='word_1_103' title='bbox 540 1064 663 1113; x_wconf 77' lang='lat' dir='ltr'>acerbitate</span> <span class='ocrx_word' id='word_1_104' title='bbox 678 1079 727 1113; x_wconf 86' lang='lat' dir='ltr'>non</span> <span class='ocrx_word' id='word_1_105' title='bbox 739 1066 778 1122; x_wconf 66' lang='lat' dir='ltr'>vi-,</span> 
     </span>
     <span class='ocr_line' id='line_1_16' title="bbox 102 1127 779 1187; baseline -0.003 -11"><span class='ocrx_word' id='word_1_106' title='bbox 102 1127 172 1176; x_wconf 87' lang='lat' dir='ltr'>dendi</span> <span class='ocrx_word' id='word_1_107' title='bbox 180 1128 264 1187; x_wconf 79' lang='lat' dir='ltr'>fratris,</span> <span class='ocrx_word' id='word_1_108' title='bbox 276 1130 353 1178; x_wconf 78' lang='lat' dir='ltr'>vitavi.</span> <span class='ocrx_word' id='word_1_109' title='bbox 776 1163 779 1174; x_wconf 75' lang='grc'><em>,</em></span> 
     </span>
    </p>

    <p class='ocr_par' dir='ltr' id='par_1_8' title="bbox 100 1189 779 1513">
     <span class='ocr_line' id='line_1_17' title="bbox 134 1189 778 1257; baseline 0.009 -19"><span class='ocrx_word' id='word_1_110' title='bbox 134 1189 163 1238; x_wconf 91' lang='lat' dir='ltr'>In</span> <span class='ocrx_word' id='word_1_111' title='bbox 172 1193 234 1242; x_wconf 88' lang='lat' dir='ltr'>hunc</span> <span class='ocrx_word' id='word_1_112' title='bbox 244 1209 282 1242; x_wconf 90' lang='lat' dir='ltr'>me</span> <span class='ocrx_word' id='word_1_113' title='bbox 292 1209 370 1244; x_wconf 82' lang='lat' dir='ltr'>cesum</span> <span class='ocrx_word' id='word_1_114' title='bbox 381 1209 429 1252; x_wconf 84' lang='lat' dir='ltr'>vos,</span> <span class='ocrx_word' id='word_1_115' title='bbox 440 1193 531 1243; x_wconf 83' lang='lat' dir='ltr'>vivendi</span> <span class='ocrx_word' id='word_1_116' title='bbox 541 1202 652 1252; x_wconf 80' lang='lat' dir='ltr'>auctores,</span> <span class='ocrx_word' id='word_1_117' title='bbox 664 1192 778 1257; x_wconf 86' lang='lat' dir='ltr'>impulis-</span> 
     </span>
     <span class='ocr_line' id='line_1_18' title="bbox 103 1256 778 1322; baseline 0.004 -18"><span class='ocrx_word' id='word_1_118' title='bbox 103 1256 139 1304; x_wconf 81' lang='lat' dir='ltr'>tis.</span> <span class='ocrx_word' id='word_1_119' title='bbox 157 1256 240 1321; x_wconf 82' lang='lat' dir='ltr'>Itaque</span> <span class='ocrx_word' id='word_1_120' title='bbox 255 1258 302 1306; x_wconf 89' lang='lat' dir='ltr'>mei</span> <span class='ocrx_word' id='word_1_121' title='bbox 311 1258 396 1322; x_wconf 83' lang='lat' dir='ltr'>peceati</span> <span class='ocrx_word' id='word_1_122' title='bbox 405 1259 446 1306; x_wconf 89' lang='lat' dir='ltr'>luo</span> <span class='ocrx_word' id='word_1_123' title='bbox 460 1272 544 1320; x_wconf 78' lang='lat' dir='ltr'>poencs</span> <span class='ocrx_word' id='word_1_124' title='bbox 569 1257 722 1321; x_wconf 77' lang='lat' dir='ltr'>Quemquam</span> <span class='ocrx_word' id='word_1_125' title='bbox 732 1273 778 1307; x_wconf 85' lang='lat' dir='ltr'>me</span> 
     </span>
     <span class='ocr_line' id='line_1_19' title="bbox 100 1321 779 1397; baseline 0 -29"><span class='ocrx_word' id='word_1_126' title='bbox 100 1329 148 1370; x_wconf 73' lang='lat' dir='ltr'>tuce</span> <span class='ocrx_word' id='word_1_127' title='bbox 161 1321 238 1397; x_wconf 72' lang='lat' dir='ltr'>literse¹</span> <span class='ocrx_word' id='word_1_128' title='bbox 248 1329 391 1397; x_wconf 67' lang='lat' dir='ltr'>sustententc</span> <span class='ocrx_word' id='word_1_129' title='bbox 407 1321 540 1396; x_wconf 69' lang='lat' dir='ltr'>exquibus,</span> <span class='ocrx_word' id='word_1_130' title='bbox 557 1329 672 1384; x_wconf 80' lang='lat' dir='ltr'>quantum</span> <span class='ocrx_word' id='word_1_131' title='bbox 685 1323 779 1384; x_wconf 84' lang='lat' dir='ltr'>tuipse</span> 
     </span>
     <span class='ocr_line' id='line_1_20' title="bbox 101 1384 778 1513; baseline 0 -17"><span class='ocrx_word' id='word_1_132' title='bbox 101 1384 778 1513; x_wconf 53' lang='lat' dir='ltr'>ffiffidtssltttltqllttlttitl</span> 
     </span>
    </p>
   </div>
   <div class='ocr_carea' id='block_1_8' title="bbox 101 1513 877 1573">
    <p class='ocr_par' dir='ltr' id='par_1_9' title="bbox 101 1513 877 1573">
     <span class='ocr_line' id='line_1_21' title="bbox 101 1513 877 1573; baseline 0.001 -12"><span class='ocrx_word' id='word_1_133' title='bbox 101 1526 164 1561; x_wconf 85' lang='lat' dir='ltr'>nunc</span> <span class='ocrx_word' id='word_1_134' title='bbox 174 1513 326 1561; x_wconf 79' lang='lat' dir='ltr'>Hortensium</span> <span class='ocrx_word' id='word_1_135' title='bbox 337 1513 411 1570; x_wconf 85' lang='lat' dir='ltr'>allice,</span> <span class='ocrx_word' id='word_1_136' title='bbox 426 1523 449 1562; x_wconf 88' lang='lat' dir='ltr'>et</span> <span class='ocrx_word' id='word_1_137' title='bbox 459 1513 572 1573; x_wconf 85' lang='lat' dir='ltr'>ejusmodi</span> <span class='ocrx_word' id='word_1_138' title='bbox 585 1513 670 1561; x_wconf 88' lang='lat' dir='ltr'>viros.”</span> <span class='ocrx_word' id='word_1_139' title='bbox 695 1513 778 1563; x_wconf 85' lang='lat' dir='ltr'>Obse-</span> <span class='ocrx_word' id='word_1_140' title='bbox 876 1533 877 1558; x_wconf 75' lang='lat'>1</span> 
     </span>
    </p>
   </div>
   <div class='ocr_carea' id='block_1_9' title="bbox 100 1575 877 1699">
    <p class='ocr_par' dir='ltr' id='par_1_10' title="bbox 100 1575 877 1699">
     <span class='ocr_line' id='line_1_22' title="bbox 100 1575 877 1699; baseline 0 -75"><span class='ocrx_word' id='word_1_141' title='bbox 100 1589 147 1631; x_wconf 85' lang='lat' dir='ltr'>cm,</span> <span class='ocrx_word' id='word_1_142' title='bbox 158 1575 192 1622; x_wconf 90' lang='lat' dir='ltr'>mi</span> <span class='ocrx_word' id='word_1_143' title='bbox 203 1576 326 1699; x_wconf 54' lang='lat' dir='ltr'>Pomffini,</span> <span class='ocrx_word' id='word_1_144' title='bbox 338 1577 442 1625; x_wconf 86' lang='lat' dir='ltr'>nondum</span> <span class='ocrx_word' id='word_1_145' title='bbox 452 1577 568 1640; x_wconf 85' lang='lat' dir='ltr'>perspicis,</span> <span class='ocrx_word' id='word_1_146' title='bbox 580 1592 680 1652; x_wconf 75' lang='lat' dir='ltr'>quorum</span> <span class='ocrx_word' id='word_1_147' title='bbox 688 1579 773 1641; x_wconf 62' lang='lat' dir='ltr'>opera,</span> <span class='ocrx_word' id='word_1_148' title='bbox 876 1579 877 1608; x_wconf 61' lang='lat' dir='ltr'>l</span> 
     </span>
    </p>
   </div>
   <div class='ocr_carea' id='block_1_10' title="bbox 98 1653 777 1769">
    <p class='ocr_par' dir='ltr' id='par_1_11' title="bbox 98 1653 777 1769">
     <span class='ocr_line' id='line_1_23' title="bbox 98 1653 777 1769; baseline 0.003 -19"><span class='ocrx_word' id='word_1_149' title='bbox 98 1653 316 1752; x_wconf 46' lang='grc' dir='ltr'>ξειὲῗιῐιξῗιέῗοιιιιιι</span> <span class='ocrx_word' id='word_1_150' title='bbox 326 1719 435 1766; x_wconf 81' lang='lat' dir='ltr'>egemus:</span> <span class='ocrx_word' id='word_1_151' title='bbox 453 1713 544 1752; x_wconf 83' lang='lat' dir='ltr'>tantum</span> <span class='ocrx_word' id='word_1_152' title='bbox 555 1705 614 1763; x_wconf 89' lang='lat' dir='ltr'>dieo,</span> <span class='ocrx_word' id='word_1_153' title='bbox 626 1705 701 1769; x_wconf 80' lang='lat' dir='ltr'>(quod</span> <span class='ocrx_word' id='word_1_154' title='bbox 711 1707 777 1756; x_wconf 32' lang='lat' dir='ltr'>scire,</span> 
     </span>
    </p>
   </div>
   <div class='ocr_carea' id='block_1_11' title="bbox 326 1641 780 1704">
    <p class='ocr_par' dir='ltr' id='par_1_12' title="bbox 326 1625 877 1704">
     <span class='ocr_line' id='line_1_24' title="bbox 326 1641 780 1704; baseline 0.007 -18"><span class='ocrx_word' id='word_1_155' title='bbox 326 1655 427 1703; x_wconf 91' lang='lat' dir='ltr'>quorum</span> <span class='ocrx_word' id='word_1_156' title='bbox 444 1641 534 1699; x_wconf 89' lang='lat' dir='ltr'>scelere,</span> <span class='ocrx_word' id='word_1_157' title='bbox 553 1641 705 1704; x_wconf 78' lang='lat' dir='ltr'>perierimus?</span> <span class='ocrx_word' id='word_1_158' title='bbox 722 1642 780 1690; x_wconf 86' lang='lat' dir='ltr'>Sed&#39;</span> 
     </span>
    </p>
   </div>
   <div class='ocr_carea' id='block_1_12' title="bbox 98 1767 877 1832">
    <p class='ocr_par' dir='ltr' id='par_1_13' title="bbox 98 1767 877 1832">
     <span class='ocr_line' id='line_1_25' title="bbox 98 1767 877 1832; baseline 0.005 -18"><span class='ocrx_word' id='word_1_159' title='bbox 98 1775 122 1814; x_wconf 89' lang='lat' dir='ltr'>te</span> <span class='ocrx_word' id='word_1_160' title='bbox 140 1777 207 1829; x_wconf 83' lang='lat' dir='ltr'>puto)</span> <span class='ocrx_word' id='word_1_161' title='bbox 226 1782 267 1816; x_wconf 88' lang='lat' dir='ltr'>nos</span> <span class='ocrx_word' id='word_1_162' title='bbox 284 1781 331 1816; x_wconf 86' lang='lat' dir='ltr'>non</span> <span class='ocrx_word' id='word_1_163' title='bbox 347 1767 443 1827; x_wconf 86' lang='lat' dir='ltr'>inimici,</span> <span class='ocrx_word' id='word_1_164' title='bbox 460 1769 501 1816; x_wconf 87' lang='lat' dir='ltr'>sed</span> <span class='ocrx_word' id='word_1_165' title='bbox 516 1769 596 1825; x_wconf 83' lang='lat' dir='ltr'>invidi,</span> <span class='ocrx_word' id='word_1_166' title='bbox 611 1769 772 1832; x_wconf 83' lang='lat' dir='ltr'>perdiderunt.</span> <span class='ocrx_word' id='word_1_167' title='bbox 876 1791 877 1818; x_wconf 64' lang='lat' dir='ltr'>i</span> 
     </span>
    </p>
   </div>
   <div class='ocr_carea' id='block_1_13' title="bbox 100 1831 774 2074">
    <p class='ocr_par' dir='ltr' id='par_1_14' title="bbox 100 1831 774 2074">
     <span class='ocr_line' id='line_1_26' title="bbox 100 1831 774 1896; baseline 0.006 -16"><span class='ocrx_word' id='word_1_168' title='bbox 100 1831 180 1890; x_wconf 87' lang='lat' dir='ltr'>Nunc,</span> <span class='ocrx_word' id='word_1_169' title='bbox 192 1831 211 1880; x_wconf 87' lang='lat' dir='ltr'>ei</span> <span class='ocrx_word' id='word_1_170' title='bbox 221 1831 254 1879; x_wconf 82' lang='lat' dir='ltr'>ita</span> <span class='ocrx_word' id='word_1_171' title='bbox 264 1841 319 1882; x_wconf 87' lang='lat' dir='ltr'>sunt</span> <span class='ocrx_word' id='word_1_172' title='bbox 329 1848 381 1896; x_wconf 78' lang='lat' dir='ltr'>que</span> <span class='ocrx_word' id='word_1_173' title='bbox 395 1847 480 1896; x_wconf 72' lang='lat' dir='ltr'>speres,</span> <span class='ocrx_word' id='word_1_174' title='bbox 500 1832 663 1882; x_wconf 85' lang='lat' dir='ltr'>sustinebimus</span> <span class='ocrx_word' id='word_1_175' title='bbox 677 1849 735 1891; x_wconf 76' lang='grc' dir='ltr'>ιιοις</span> <span class='ocrx_word' id='word_1_176' title='bbox 747 1845 774 1884; x_wconf 89' lang='lat' dir='ltr'>et</span> 
     </span>
     <span class='ocr_line' id='line_1_27' title="bbox 100 1896 774 1960; baseline 0.004 -16"><span class='ocrx_word' id='word_1_177' title='bbox 100 1910 149 1958; x_wconf 82' lang='lat' dir='ltr'>spe,</span> <span class='ocrx_word' id='word_1_178' title='bbox 161 1896 209 1960; x_wconf 69' lang='lat' dir='ltr'>qui</span> <span class='ocrx_word' id='word_1_179' title='bbox 217 1897 292 1958; x_wconf 85' lang='lat' dir='ltr'>jubes,</span> <span class='ocrx_word' id='word_1_180' title='bbox 304 1897 411 1946; x_wconf 87' lang='lat' dir='ltr'>nitemur.</span> <span class='ocrx_word' id='word_1_181' title='bbox 440 1897 490 1955; x_wconf 89' lang='lat' dir='ltr'>Sin,</span> <span class='ocrx_word' id='word_1_182' title='bbox 501 1904 529 1946; x_wconf 91' lang='lat' dir='ltr'>ut</span> <span class='ocrx_word' id='word_1_183' title='bbox 538 1897 597 1943; x_wconf 90' lang='lat' dir='ltr'>mihi</span> <span class='ocrx_word' id='word_1_184' title='bbox 607 1897 724 1958; x_wconf 85' lang='lat' dir='ltr'>videntur,</span> <span class='ocrx_word' id='word_1_185' title='bbox 734 1898 774 1947; x_wconf 82' lang='lat' dir='ltr'>in-</span> 
     </span>
     <span class='ocr_line' id='line_1_28' title="bbox 101 1959 772 2026; baseline 0.003 -18"><span class='ocrx_word' id='word_1_186' title='bbox 101 1959 169 2008; x_wconf 82' lang='lat' dir='ltr'>firma</span> <span class='ocrx_word' id='word_1_187' title='bbox 179 1968 248 2017; x_wconf 68' lang='lat' dir='ltr'>eunte</span> <span class='ocrx_word' id='word_1_188' title='bbox 266 1961 329 2024; x_wconf 88' lang='lat' dir='ltr'>quod</span> <span class='ocrx_word' id='word_1_189' title='bbox 338 1961 426 2025; x_wconf 89' lang='lat' dir='ltr'>optimo</span> <span class='ocrx_word' id='word_1_190' title='bbox 435 1968 538 2024; x_wconf 87' lang='lat' dir='ltr'>tempore</span> <span class='ocrx_word' id='word_1_191' title='bbox 548 1961 622 2010; x_wconf 83' lang='lat' dir='ltr'>iecere</span> <span class='ocrx_word' id='word_1_192' title='bbox 631 1976 679 2010; x_wconf 87' lang='lat' dir='ltr'>non</span> <span class='ocrx_word' id='word_1_193' title='bbox 695 1962 772 2026; x_wconf 85' lang='lat' dir='ltr'>licuit,</span> 
     </span>
     <span class='ocr_line' id='line_1_29' title="bbox 102 2024 330 2074; baseline 0 -2"><span class='ocrx_word' id='word_1_194' title='bbox 102 2024 180 2072; x_wconf 82' lang='lat' dir='ltr'>minue</span> <span class='ocrx_word' id='word_1_195' title='bbox 190 2025 272 2074; x_wconf 89' lang='lat' dir='ltr'>idoneo</span> <span class='ocrx_word' id='word_1_196' title='bbox 283 2026 330 2073; x_wconf 89' lang='lat' dir='ltr'>fiet.</span> 
     </span>
    </p>
   </div>
   <div class='ocr_carea' id='block_1_14' title="bbox 104 2058 877 2153">
    <p class='ocr_par' dir='ltr' id='par_1_15' title="bbox 104 2058 877 2153">
     <span class='ocr_line' id='line_1_30' title="bbox 104 2058 877 2153; baseline 0 -13"><span class='ocrx_word' id='word_1_197' title='bbox 104 2133 106 2140; x_wconf 89' lang='grc'><em>,</em></span> <span class='ocrx_word' id='word_1_198' title='bbox 134 2089 244 2139; x_wconf 72' lang='lat' dir='ltr'>Terentia</span> <span class='ocrx_word' id='word_1_199' title='bbox 254 2089 366 2153; x_wconf 83' lang='lat' dir='ltr'>tibiscepe</span> <span class='ocrx_word' id='word_1_200' title='bbox 404 2089 522 2152; x_wconf 73' lang='lat' dir='ltr'>&#39;tgretim-</span> <span class='ocrx_word' id='word_1_201' title='bbox 540 2058 772 2140; x_wconf 83' lang='lat' dir='ltr'>Mihietiemnnum</span> <span class='ocrx_word' id='word_1_202' title='bbox 876 2127 877 2130; x_wconf 21' lang='grc' dir='ltr'>ι</span> 
     </span>
    </p>
   </div>
   <div class='ocr_carea' id='block_1_15' title="bbox 96 2151 772 2706">
    <p class='ocr_par' dir='ltr' id='par_1_16' title="bbox 96 2151 772 2706">
     <span class='ocr_line' id='line_1_31' title="bbox 101 2151 772 2218; baseline 0.009 -20"><span class='ocrx_word' id='word_1_203' title='bbox 101 2151 130 2200; x_wconf 89' lang='lat' dir='ltr'>de</span> <span class='ocrx_word' id='word_1_204' title='bbox 140 2154 208 2202; x_wconf 80' lang='lat' dir='ltr'>malis</span> <span class='ocrx_word' id='word_1_205' title='bbox 218 2154 244 2200; x_wconf 89' lang='lat' dir='ltr'>in</span> <span class='ocrx_word' id='word_1_206' title='bbox 254 2163 318 2202; x_wconf 90' lang='lat' dir='ltr'>metu</span> <span class='ocrx_word' id='word_1_207' title='bbox 329 2163 371 2210; x_wconf 89' lang='lat' dir='ltr'>est,</span> <span class='ocrx_word' id='word_1_208' title='bbox 418 2153 458 2202; x_wconf 89' lang='lat' dir='ltr'>tris</span> <span class='ocrx_word' id='word_1_209' title='bbox 468 2153 545 2202; x_wconf 87' lang='lat' dir='ltr'>miseri</span> <span class='ocrx_word' id='word_1_210' title='bbox 555 2153 690 2216; x_wconf 76' lang='lat' dir='ltr'>negotiume</span> <span class='ocrx_word' id='word_1_211' title='bbox 707 2155 772 2218; x_wconf 88' lang='lat' dir='ltr'>quod</span> 
     </span>
     <span class='ocr_line' id='line_1_32' title="bbox 101 2215 772 2280; baseline 0.007 -18"><span class='ocrx_word' id='word_1_212' title='bbox 101 2215 120 2262; x_wconf 85' lang='lat' dir='ltr'>si</span> <span class='ocrx_word' id='word_1_213' title='bbox 131 2216 200 2263; x_wconf 83' lang='lat' dir='ltr'>eciem</span> <span class='ocrx_word' id='word_1_214' title='bbox 211 2217 340 2276; x_wconf 87' lang='lat' dir='ltr'>cujusmodi</span> <span class='ocrx_word' id='word_1_215' title='bbox 352 2217 396 2272; x_wconf 80' lang='lat' dir='ltr'>sit;</span> <span class='ocrx_word' id='word_1_216' title='bbox 414 2217 493 2276; x_wconf 59' lang='lat' dir='ltr'>sciann</span> <span class='ocrx_word' id='word_1_217' title='bbox 506 2217 564 2280; x_wconf 87' lang='lat' dir='ltr'>quid</span> <span class='ocrx_word' id='word_1_218' title='bbox 580 2217 697 2280; x_wconf 78' lang='lat' dir='ltr'>agencium</span> <span class='ocrx_word' id='word_1_219' title='bbox 712 2219 772 2272; x_wconf 88' lang='lat' dir='ltr'>mihi</span> 
     </span>
     <span class='ocr_line' id='line_1_33' title="bbox 100 2279 772 2331; baseline 0.007 -6"><span class='ocrx_word' id='word_1_220' title='bbox 100 2279 136 2325; x_wconf 89' lang='lat' dir='ltr'>sit.</span> <span class='ocrx_word' id='word_1_221' title='bbox 162 2280 205 2326; x_wconf 91' lang='lat' dir='ltr'>Me</span> <span class='ocrx_word' id='word_1_222' title='bbox 216 2281 285 2326; x_wconf 81' lang='lat' dir='ltr'>etiam</span> <span class='ocrx_word' id='word_1_223' title='bbox 295 2294 358 2328; x_wconf 85' lang='lat' dir='ltr'>nune</span> <span class='ocrx_word' id='word_1_224' title='bbox 371 2281 464 2328; x_wconf 89' lang='lat' dir='ltr'>illorum</span> <span class='ocrx_word' id='word_1_225' title='bbox 478 2281 641 2328; x_wconf 85' lang='lat' dir='ltr'>beneficiorum</span> <span class='ocrx_word' id='word_1_226' title='bbox 657 2290 681 2328; x_wconf 92' lang='lat' dir='ltr'>et</span> <span class='ocrx_word' id='word_1_227' title='bbox 694 2282 772 2331; x_wconf 84' lang='lat' dir='ltr'>litere-</span> 
     </span>
     <span class='ocr_line' id='line_1_34' title="bbox 99 2343 769 2408; baseline 0.013 -22"><span class='ocrx_word' id='word_1_228' title='bbox 99 2355 153 2387; x_wconf 90' lang='lat' dir='ltr'>rum</span> <span class='ocrx_word' id='word_1_229' title='bbox 169 2343 314 2404; x_wconf 83' lang='lat' dir='ltr'>exspectatio,</span> <span class='ocrx_word' id='word_1_230' title='bbox 325 2351 353 2390; x_wconf 90' lang='lat' dir='ltr'>ut</span> <span class='ocrx_word' id='word_1_231' title='bbox 367 2344 409 2390; x_wconf 89' lang='lat' dir='ltr'>tibi</span> <span class='ocrx_word' id='word_1_232' title='bbox 419 2345 501 2408; x_wconf 77' lang='lat' dir='ltr'>placet,</span> <span class='ocrx_word' id='word_1_233' title='bbox 513 2343 684 2392; x_wconf 77' lang='lat' dir='ltr'>Thessalonicae</span> <span class='ocrx_word' id='word_1_234' title='bbox 699 2354 769 2395; x_wconf 88' lang='lat' dir='ltr'>tenet.</span> 
     </span>
     <span class='ocr_line' id='line_1_35' title="bbox 100 2403 771 2474; baseline 0.009 -22"><span class='ocrx_word' id='word_1_235' title='bbox 100 2403 196 2467; x_wconf 86' lang='lat' dir='ltr'>Siquid</span> <span class='ocrx_word' id='word_1_236' title='bbox 215 2405 257 2453; x_wconf 84' lang='lat' dir='ltr'>erit</span> <span class='ocrx_word' id='word_1_237' title='bbox 275 2405 329 2452; x_wconf 82' lang='lat' dir='ltr'>novi</span> <span class='ocrx_word' id='word_1_238' title='bbox 346 2407 452 2465; x_wconf 77' lang='lat' dir='ltr'>allatum,</span> <span class='ocrx_word' id='word_1_239' title='bbox 467 2408 546 2466; x_wconf 70' lang='lat' dir='ltr'>seim,</span> <span class='ocrx_word' id='word_1_240' title='bbox 560 2408 589 2456; x_wconf 89' lang='lat' dir='ltr'>cle</span> <span class='ocrx_word' id='word_1_241' title='bbox 606 2409 697 2472; x_wconf 76' lang='lat' dir='ltr'>reliquo</span> <span class='ocrx_word' id='word_1_242' title='bbox 713 2411 771 2474; x_wconf 87' lang='lat' dir='ltr'>quid</span> 
     </span>
     <span class='ocr_line' id='line_1_36' title="bbox 98 2467 771 2538; baseline 0.013 -25"><span class='ocrx_word' id='word_1_243' title='bbox 98 2467 215 2529; x_wconf 82' lang='lat' dir='ltr'>agendum</span> <span class='ocrx_word' id='word_1_244' title='bbox 224 2468 259 2515; x_wconf 89' lang='lat' dir='ltr'>eit.</span> <span class='ocrx_word' id='word_1_245' title='bbox 277 2467 316 2514; x_wconf 86' lang='lat' dir='ltr'>Tu</span> <span class='ocrx_word' id='word_1_246' title='bbox 327 2469 355 2527; x_wconf 85' lang='lat' dir='ltr'>si,</span> <span class='ocrx_word' id='word_1_247' title='bbox 364 2478 391 2517; x_wconf 90' lang='lat' dir='ltr'>ut</span> <span class='ocrx_word' id='word_1_248' title='bbox 401 2471 488 2532; x_wconf 72' lang='lat' dir='ltr'>rumbis,</span> <span class='ocrx_word' id='word_1_249' title='bbox 500 2471 551 2518; x_wconf 87' lang='lat' dir='ltr'>Gal.</span> <span class='ocrx_word' id='word_1_250' title='bbox 558 2472 617 2518; x_wconf 85' lang='lat' dir='ltr'>Jun.</span> <span class='ocrx_word' id='word_1_251' title='bbox 628 2473 708 2521; x_wconf 77' lang='lat' dir='ltr'>Rome</span> <span class='ocrx_word' id='word_1_252' title='bbox 715 2490 771 2538; x_wconf 80' lang='lat' dir='ltr'>pro-</span> 
     </span>
     <span class='ocr_line' id='line_1_37' title="bbox 96 2530 770 2600; baseline 0.013 -23"><span class='ocrx_word' id='word_1_253' title='bbox 96 2530 169 2578; x_wconf 71' lang='lat' dir='ltr'>tectus</span> <span class='ocrx_word' id='word_1_254' title='bbox 180 2545 212 2589; x_wconf 90' lang='lat' dir='ltr'>es,</span> <span class='ocrx_word' id='word_1_255' title='bbox 230 2531 361 2593; x_wconf 81' lang='lat' dir='ltr'>propediem</span> <span class='ocrx_word' id='word_1_256' title='bbox 378 2547 420 2581; x_wconf 88' lang='lat' dir='ltr'>nos</span> <span class='ocrx_word' id='word_1_257' title='bbox 434 2534 528 2582; x_wconf 83' lang='lat' dir='ltr'>videbis.</span> <span class='ocrx_word' id='word_1_258' title='bbox 545 2535 644 2595; x_wconf 76' lang='lat' dir='ltr'>biterris,</span> <span class='ocrx_word' id='word_1_259' title='bbox 662 2548 723 2600; x_wconf 85' lang='lat' dir='ltr'>quas</span> <span class='ocrx_word' id='word_1_260' title='bbox 739 2539 770 2586; x_wconf 87' lang='lat' dir='ltr'>ad</span> 
     </span>
     <span class='ocr_line' id='line_1_38' title="bbox 97 2593 768 2703; baseline 0.015 -62"><span class='ocrx_word' id='word_1_261' title='bbox 97 2593 236 2703; x_wconf 44' lang='lat' dir='ltr'>l{triremium</span> <span class='ocrx_word' id='word_1_262' title='bbox 245 2593 331 2656; x_wconf 80' lang='lat' dir='ltr'>scripsi,</span> <span class='ocrx_word' id='word_1_263' title='bbox 340 2595 385 2644; x_wconf 84' lang='lat' dir='ltr'>tibi</span> <span class='ocrx_word' id='word_1_264' title='bbox 397 2597 457 2646; x_wconf 88' lang='lat' dir='ltr'>misi.</span> <span class='ocrx_word' id='word_1_265' title='bbox 474 2595 531 2646; x_wconf 80' lang='lat' dir='ltr'>Det.</span> <span class='ocrx_word' id='word_1_266' title='bbox 542 2595 579 2646; x_wconf 91' lang='lat' dir='ltr'>Id.</span> <span class='ocrx_word' id='word_1_267' title='bbox 594 2600 653 2648; x_wconf 84' lang='lat' dir='ltr'>lun.</span> <span class='ocrx_word' id='word_1_268' title='bbox 665 2600 768 2650; x_wconf 85' lang='lat' dir='ltr'>Thessa·</span> 
     </span>
     <span class='ocr_line' id='line_1_39' title="bbox 120 2671 184 2706; baseline 0 0"><span class='ocrx_word' id='word_1_269' title='bbox 120 2671 184 2706; x_wconf 58' lang='lat' dir='ltr'>mm!</span> 
     </span>
    </p>
   </div>
   <div class='ocr_carea' id='block_1_16' title="bbox 0 0 886 2942">
    <p class='ocr_par' dir='ltr' id='par_1_17' title="bbox 0 0 886 2942">
     <span class='ocr_line' id='line_1_40' title="bbox 0 0 886 2942; baseline 0 0"><span class='ocrx_word' id='word_1_270' title='bbox 0 0 886 2942; x_wconf 95' lang='lat' dir='ltr'> </span> 
     </span>
    </p>
   </div>
  </div>
 </body>
</html>
