1784 2944
129 135 175 216 roc
239 167 290 218 nn
306 141 483 218 orvansos.
501 167 561 214 mn.
574 166 631 216 xv.
648 141 687 215 rc.

129 277 231 345 ¹sustinet.
253 296 315 358 Quis
334 297 396 344 enim
413 305 454 344 aut
464 295 619 345 Alexandrini
635 295 691 342 belli
709 303 801 344 mntem

127 375 217 408 moram
232 360 288 408 huic
303 362 364 408 bello
380 361 515 419 adjunctum
531 361 567 418 iri,
579 368 620 407 aut
636 360 712 408 nescio
728 375 801 424 quem
887 397 888 416 p

128 424 199 472 istum
210 423 354 473 Pharnacem
361 425 426 472 Asis
437 435 546 474 terrorem
556 422 676 472 illaturum
686 428 801 488 putaret?

128 489 179 536 Nos
189 496 275 546 tamen,
282 489 307 536 in
318 489 411 537 consilio
421 490 480 553 pari,
492 505 545 537 casu
553 488 658 536 dissimili
665 489 702 536 usi
710 504 801 537 sumus.

128 553 168 600 'l'u
180 553 241 600 enim
253 569 304 601 eam
319 562 407 617 partem
422 554 510 617 petisti,
525 562 553 601 ut
563 562 586 600 et
596 553 695 601 consiliis
705 553 802 601 interes-
887 569 888 576 ¹

127 633 169 676 ses,
190 626 213 665 et
231 617 304 682 (quod
322 619 424 665 maxime
441 633 520 666 curam
536 615 608 678 levat)
625 617 705 664 futura
721 618 802 665 animo

128 682 254 744 prospicere
269 697 352 746 posses.
373 683 434 744 Ego,
452 683 493 745 qui
505 682 618 740 festinavi,
638 690 666 728 ut
683 681 801 730 cesarem

128 745 152 792 in
165 745 232 793 Italici
243 746 351 806 viderem,
364 746 406 800 (sic
420 747 482 794 enim
497 743 675 806 arbitrabamur)
688 761 799 809 eumque,

127 810 208 857 multis
217 811 381 858 honestissimis
392 811 446 857 viris
457 811 593 858 conservatis
610 809 753 869 redeuntem,
771 805 803 857 ad

128 889 209 938 pacem
224 885 352 922 currentem
364 877 400 928 (ut
411 874 486 936 aiunt)
500 875 635 933 incitarem
652 877 682 922 ab
696 873 738 922 illo
748 875 801 922 lon·
887 933 888 948 χ

128 939 221 1002 gissitm
231 947 254 986 et
264 943 347 987 absum
359 949 381 986 et
391 939 462 986 abfui.

160 1003 246 1050 Vereor
257 1020 284 1051 au
288 1012 333 1051 tem
344 1003 368 1050 in
380 1004 467 1066 gemitu
479 1003 561 1062 italice,
569 1011 592 1050 et
601 1003 626 1049 in
637 1002 709 1051 Urbis
718 1002 802 1050 miser-

129 1066 194 1116 rimis
206 1069 319 1131 querelis;
336 1068 421 1132 quibus
434 1068 522 1131 aliquid
535 1067 585 1130 opis
598 1067 693 1114 fortasse
703 1083 747 1130 ego
757 1081 801 1130 pro

129 1132 190 1190 meis,
202 1140 229 1180 tu
240 1149 281 1196 pro
292 1133 341 1190 tut,
354 1133 448 1196 prossula
458 1133 556 1206 quisque
566 1140 630 1194 parte
641 1131 700 1178 ferre
710 1131 801 1194 potuis·

128 1205 170 1256 set,
176 1197 195 1244 si
203 1198 395 1245 auctoraffuisset
411 1197 497 1256 Quare,
505 1196 583 1255 velim,
590 1212 632 1258 pro
639 1195 680 1242 tud
688 1195 802 1258 perpetuis

129 1277 183 1324 erga
189 1277 227 1308 me
233 1261 398 1319 benevolentis,
406 1261 489 1309 scribas
497 1260 527 1307 ad
533 1275 579 1318 me,
587 1259 644 1322 quid
648 1259 735 1318 videas,
743 1259 802 1324 quid

129 1326 220 1384 sentias,
229 1325 285 1388 quid
293 1325 480 1388 exspectandum,
488 1324 545 1388 quid
552 1323 677 1387 agendum,
684 1324 751 1372 nobls
760 1340 802 1371 ex·
887 1341 888 1384 ᾗ

128 1387 222 1436 istimes.
238 1390 323 1452 Magni
333 1398 400 1436 erunt
409 1389 521 1437 mihituae
531 1389 616 1436 litera:
629 1395 698 1452 atque
709 1389 801 1436 utinam
887 1387 888 1444 Ῑ

129 1451 211 1514 primis
217 1453 271 1510 illis,
277 1469 333 1515 quas
338 1453 436 1500 Lucerii
442 1455 544 1512 miseras,
549 1451 688 1516 paruissem!
701 1452 802 1501 Sinertl-
887 1449 888 1474 ³

129 1515 222 1564 ldenim
228 1517 332 1566 molestiis
340 1516 475 1579 dignitatem
482 1517 717 1568 meamretinuissem.
730 1517 799 1567 Vale.
887 1529 888 1564 3

204 1709 274 1769 (ro.)
291 1708 328 1756 nr.
340 1709 371 1758 r.
383 1711 410 1758 c.
428 1711 586 1761 o.cnss10
604 1713 628 1760 s.
640 1709 669 1758 Ρ.
681 1709 715 1758 n.
743 1741 745 1748 ,

162 1838 800 1905 (argumetum-lomatioopinionesEpicureas,

130 1911 153 1950 et
163 1903 188 1950 in
198 1904 276 1968 ipsum
287 1904 401 1965 Cassium,
416 1905 537 1969 Epicureae
551 1903 701 1969 philosophie
711 1905 802 1954 studio·
887 1939 888 1942 =

131 1976 202 2029 sum.)

160 2098 251 2146 Putote
261 2097 398 2161 suppudere‚
412 2061 526 2146 ormi-bac
538 2107 560 2146 te
566 2099 632 2146 tertia
640 2100 690 2160 jam
701 2095 800 2162 epistola

129 2170 182 2210 ante
191 2163 334 2224 oppresserit,
350 2177 421 2225 quam
436 2171 461 2210 tu
477 2161 633 2224 [schedulaml
646 2171 687 2210 aut
699 2163 799 2211 literam.
887 2167 888 2218 ἴ

129 2225 175 2272 Sed
185 2239 231 2271 non
243 2240 329 2288 urgeo:
347 2226 459 2289 longiores
475 2229 537 2274 enim
550 2229 694 2290 exspectabo,
706 2229 744 2275 vel
757 2243 800 2291 po-

128 2288 174 2336 tius
191 2288 289 2350 exigam.
311 2289 373 2351 Ego,
385 2291 404 2337 si
418 2307 508 2354 semper
523 2293 641 2352 haberem,
657 2291 694 2338 cui
710 2291 800 2353 darem,

128 2352 165 2400 vel
176 2362 251 2398 ternas
261 2353 284 2398 in
300 2352 358 2400 hort
368 2354 453 2402 darem.
476 2356 516 2402 Fit
530 2355 600 2415 enim,
615 2355 690 2404 nescio
704 2357 756 2418 qul,
773 2365 801 2404 ut

129 2415 194 2479 quusi
210 2431 286 2462 coram
303 2416 380 2464 adesse
390 2418 487 2479 videare,
504 2433 558 2468 cum
574 2420 648 2468 scribo
663 2419 754 2482 aliquid
769 2421 800 2468 ad

129 2487 168 2526 iet
186 2493 260 2542 neque
270 2479 295 2525 id
311 2481 358 2526 κατ’
372 2481 461 2528 ειδωλων
479 2494 608 2545 porcaster,
624 2492 650 2531 ut
666 2483 747 2531 dicuni
763 2486 800 2532 tui

129 2543 198 2594 amici
212 2542 274 2602 novi,
288 2543 330 2606 qui
343 2553 427 2607 putant
441 2547 510 2593 etiam
526 2546 659 2600 dissentiatur
674 2557 803 2606 φαντασιας

129 2605 221 2675 spectris
231 2605 333 2656 camnis
344 2609 444 2660 excitari.
460 2611 533 2669 Nam,
545 2623 574 2658 ne
587 2621 610 2658 te
620 2610 703 2680 fugiat,
717 2610 800 2660 Catius
