1784 2944
136 143 182 192 roa
199 111 203 132 ⁸
267 142 320 191 nn
335 139 507 191 cumcun.
523 139 584 190 nn.
598 141 619 191 1.
629 139 675 224 tro.

164 271 209 320 Est
214 280 296 320 autem
312 270 340 318 C.
352 269 485 319 Herennius
494 269 591 334 quidam
601 270 709 318 tribunus
719 271 800 335 plebia,

128 434 240 511 numnlos
256 464 320 513 vobis
338 463 439 526 dividere
455 433 562 524 solebat.)
578 465 603 512 Is
619 463 649 510 ad
663 464 758 527 plebem
769 465 799 512 P.

111 567 114 570 .
131 527 241 576 Clodium
252 528 365 584 traducit3
381 527 444 575 idem
460 543 490 575 ue
500 528 553 587 fert,
561 528 716 576 utuniversus
726 543 802 593 popu.

131 591 168 638 lus
178 592 203 639 in
214 593 304 656 Campo
320 591 408 640 Martio
418 544 553 654 sulsragium
563 591 593 640 de
606 607 631 640 re
645 593 724 640 Clodii
734 593 801 644 seraa

133 654 204 704 Hunc
215 672 257 720 ego
272 657 348 721 accepi
364 655 389 703 in
406 664 495 713 senatu,
507 664 534 704 ut
544 657 621 704 soleo:
639 657 679 704 sed
695 657 756 705 nihil
767 667 802 706 est

131 719 172 766 illo
182 720 275 768 homine
286 722 377 769 lentius.
395 720 505 768 Metellus
517 729 552 768 est
562 721 641 768 conarl
651 721 767 784 egregius,
778 731 803 770 ct

128 799 174 831 noa
185 795 263 841 amate
281 785 320 832 sed
337 784 456 832 imminuit
473 785 630 833 auctoritatem
643 801 720 843 suam,
737 786 802 850 quod

131 848 210 909 habet,
221 850 277 897 dicis
288 850 365 909 causa,
397 849 553 911 romulgatum
563 849 622 897 illud
632 849 695 897 idem
706 850 735 897 de
746 850 804 899 Glo-

78 957 81 962 .
131 912 177 961 dio.
194 914 254 961 Auli
273 923 350 962 autem
393 913 427 960 'us
442 913 467 977 (o
485 911 527 959 Dii
541 912 683 961 immortales
691 911 711 974 Ι)
729 929 803 978 quam

132 976 238 1040 ignavus,
258 995 284 1026 ac
300 978 349 1026 sine
365 977 442 1025 auimo
459 975 542 1024 miles!
560 991 632 1041 quam
648 977 743 1041 (lignus,
762 979 804 1043 qui

133 1043 243 1091 Palicano
252 1043 323 1105 (sicut
340 1039 404 1102 facit)
416 1055 442 1090 os
454 1040 485 1088 al
494 1041 556 1089 male
566 1041 708 1090 audiendum
725 1043 805 1106 quou-

133 1106 171 1154 (lie
182 1108 298 1171 praebeat!
583 1119 587 1124 '

164 1173 265 1236 Agraria
286 1179 367 1220 autem'
383 1170 530 1236 promulgata
551 1178 584 1218 est
605 1169 727 1230 aluvio,
747 1187 803 1222 sane

132 1236 197 1296 levia,
217 1237 297 1284 eadern
319 1237 374 1294 lero,
397 1251 449 1300 qua
470 1235 515 1282 fuit
539 1234 622 1282 Plotia.
646 1236 693 1284 Sed
714 1236 803 1286 interea

68 1293 77 1306 ’
126 1309 248 1354 πολιτικας
265 1319 315 1362 αιηρ
335 1300 374 1347 aol'
393 1317 442 1361 oaap
461 1299 584 1363 quisquam
602 1299 700 1347 inveniri
718 1309 803 1364 potest.
884 1301 885 1304 ¹

131 1363 182 1423 Qui
192 1372 288 1427 poterat,
304 1364 423 1412 familiaris
437 1372 514 1411 noster
524 1363 566 1418 (sic
577 1371 610 1411 est
621 1364 699 1422 enim;
718 1365 771 1413 volo
782 1375 805 1414 te

126 1428 176 1475 -boc
190 1425 257 1489 scire)
276 1429 409 1492 Pompeius,
421 1427 524 1490 togulam
538 1427 604 1474 illam
614 1428 700 1490 pictam
711 1429 805 1478 ailmlio

131 1499 209 1538 matur
226 1507 299 1540 suam.
317 1493 413 1540 Crassus
428 1494 525 1539 verbum
542 1491 635 1539 nullum
653 1502 733 1541 contra
750 1509 804 1557 gna·

130 1554 196 1602 uam.
214 1555 314 1605 catews
329 1557 379 1617 jam
400 1555 476 1602 nosti:
494 1555 587 1619 qui-ita
603 1565 658 1604 sunt
672 1557 746 1617 stulu,
767 1570 804 1620 ut,

131 1619 216 1666 amiam
231 1617 356 1682 republica,
374 1619 472 1684 piscinas
489 1635 541 1668 suos
558 1620 606 1667 lore
620 1621 695 1670 salvas
712 1637 804 1685 sperae
885 1639 886 1646 ¹

132 1681 260 1730 videantur.

165 1747 233 1795 Unus
243 1756 284 1807 est,
297 1747 337 1812 qui
356 1757 427 1808 curet,
442 1746 569 1797 amantia
579 1749 654 1814 magis
669 1758 692 1799 ei
707 1750 805 1816 integri-

132 1819 188 1869 tate,
200 1827 272 1876 quam
289 1817 329 1876 (ut
346 1813 404 1860 mihi
419 1813 519 1874 videtur)
535 1813 628 1861 oonsilio
640 1823 682 1861 aut
698 1815 802 1879 iugenio,

132 1876 207 1932 Cato:
225 1877 266 1940 qui
283 1878 377 1926 miseros
392 1879 534 1940 publicanos,
550 1893 608 1942 quos
622 1878 704 1928 habuit
721 1897 804 1930 amau-

132 1941 231 1988 tissimoa
242 1943 286 2003 sui,
299 1941 392 1990 tertium
400 1943 451 2002 jam
461 1957 564 1990 mensem
575 1950 650 2002 vexat,
662 1958 740 2006 neque
750 1945 804 1993 iias

133 2015 213 2054 senatu
224 2021 358 2070 responsum
365 2006 414 2053 dari
424 2007 517 2070 putiau.
534 2005 573 2054 Ita
582 2021 624 2054 nos
635 2007 741 2070 cogimur
750 2009 804 2058 roll-

133 2071 225 2133 quiade
242 2074 310 2120 rebus
320 2071 379 2118 nihil
390 2070 508 2118 decernere
523 2079 577 2118 ante
587 2085 658 2134 quam
672 2073 804 2134 publicanis

133 2149 268 2198 responsum
285 2137 330 2184 sit:
348 2150 419 2199 quare
434 2134 504 2182 etiam
516 2134 641 2198 legationes
653 2136 767 2198 rejectum
777 2137 806 2186 iri

152 2205 199 2245 uto.
269 2203 273 2210 '

103 2261 106 2270 ’
134 2213 151 2260 p
167 2261 651 2326 Nuncvitlao‚quibusfluctrbusjactamurr
664 2265 804 2326 easiexiis

134 2339 187 2387 qua
197 2326 336 2388 scripsimus,
349 2328 425 2389 (tanti
432 2343 455 2374 cs
466 2328 646 2392 perspicacitate)
658 2329 730 2377 efiarn
741 2346 757 2378 a
766 2346 805 2379 me

133 2401 181 2434 non
189 2388 272 2451 scripta
278 2390 394 2453 perspicis,
402 2391 522 2440 reviseuos
528 2392 666 2456 aliquando:
681 2402 712 2453 et,
722 2410 807 2458 quam·

134 2465 205 2514 quam
220 2460 275 2498 sunt
288 2452 338 2501 hac
351 2453 469 2517 largienda,
484 2470 531 2520 quo
542 2465 565 2504 te
575 2471 645 2513 vooc;
662 2466 743 2505 tamen
760 2459 807 2520 fac,

134 2523 162 2562 ut
172 2519 274 2562 amoram
284 2523 388 2565 nosemm
400 2520 457 2566 tanti
468 2521 574 2582 aesfirnes,
586 2529 613 2568 ut
623 2535 650 2568 eo
660 2521 697 2570 vel
707 2537 763 2570 cunr
770 2523 807 2570 hia

124 2578 244 2626 molestiis
339 2581 345 2592 “
363 2583 427 2631 velis.
445 2585 519 2642 Nam,
541 2599 571 2632 ne
588 2585 670 2632 absens
692 2600 806 2644 ocum,

135 2644 220 2691 curabo
314 2643 372 2693 dum
389 2655 412 2694 et
428 2648 603 2710 proponendum
618 2649 673 2698 locis
689 2650 807 2698 omnrlrus.
