1764 2942
138 175 186 224 226
258 173 308 222 AD
326 173 495 224 A'l'l'lCUM.
513 173 574 223 lara.
587 165 637 222 11'1.
653 174 700 223 ¹15.-

135 303 251 366 seripsisti.
269 303 379 351 Varronis
386 319 460 352 senno
466 303 521 352 fauit
530 302 723 366 exspectationem
730 301 807 350 Cesa-

137 368 181 414 ris=
199 375 268 432 atque
284 368 373 416 utinam
384 369 433 433 ipse
444 368 519 416 Varro
528 367 648 414 incumbat
657 365 683 413 in
694 365 806 428 eausam!

136 430 200 506 quod
207 430 316 495 proiecto,
329 447 383 480 cum
399 432 443 480 sud
453 440 541 496 sponte,
552 431 640 479 tum'te
651 431 760 491 manuue,
772 429 808 478 fa·

138 503 190 542 ciet.

143 569 146 576 ’
169 558 230 622 Ego,
246 559 314 608 sime
324 561 448 624 aliquando
462 560 531 608 vesus·
549 567 573 608 et
585 559 666 624 patrie
676 567 808 623 oompotem

137 623 230 671 fortuna
239 624 325 686 fecerit,
334 625 504 683 mellicium,
516 632 543 671 ut
553 624 740 672 maairuelaetere
748 637 814 671 unus

137 695 167 734 ex
182 689 289 736 omnibus
306 689 399 746 suricis3
416 705 514 753 meaque
525 687 599 736 officia
613 696 636 736 et
653 687 740 746 studia,
756 703 809 751 quae

137 767 222 815 parum
232 761 300 800 antea
306 754 424 810 luxerunt,
436 753 565 808 (fatendum
575 761 610 800 est
620 752 693 810 enim)
704 752 737 800 sic
746 767 811 800 exse-
876 779 878 804 ι

139 831 206 880 quar,
223 825 250 864 ut
266 831 304 865 me
318 833 383 882 aeque
396 817 448 878 tibi,
461 833 488 865 ac
503 816 568 865 fratri
584 824 607 864 et
621 816 701 864 liberis
716 817 810 874 nostris,

138 879 270 955 iestitutum
289 889 362 946 putes.
386 883 411 930 Si
426 881 483 946 quid
495 881 521 928 in
537 889 560 928 te
571 881 674 946 poeoavi,
690 896 717 928 ac
730 880 810 943 potius

140 957 359 1058 ullum?
369 945 813 1073 fflirsslwosslllffi

140 1087 192 1121 meo
202 1089 256 1121 casu
271 1075 375 1122 maximo
390 1075 468 1122 dolore
482 1089 531 1122 esse
544 1073 651 1121 affectum
667 1073 756 1120 edam:
774 1073 813 1121 sed

140 1137 249 1202 profecto,
261 1137 289 1196 si,
306 1147 420 1202 quantum
438 1153 477 1186 me
494 1153 558 1186 amas
572 1145 595 1185 et
614 1136 706 1196 amisti,
717 1145 813 1186 tautum

138 1213 225 1250 amare
234 1201 326 1259 deberes
340 1219 367 1250 ao
383 1201 507 1262 debuisses,
518 1215 639 1264 uunquam
650 1215 711 1249 esses
720 1217 812 1264 passus,

140 1280 187 1325 me,
195 1281 241 1330 quo
252 1275 278 1314 tu
289 1267 430 1327 abundabas,
441 1281 507 1329 egere
517 1265 624 1322 wusiliog
636 1279 751 1314 necesses
762 1281 814 1330 pas·

141 1341 179 1377 sus
189 1331 247 1378 mihi
257 1331 397 1393 persuaderi,
413 1330 469 1378 utile
485 1330 550 1378 nobis
566 1345 622 1390 esse,
632 1329 711 1392 legem
721 1329 752 1378 de
766 1331 814 1379 ool-

143 1393 321 1458 legiis'perferri.
876 1423 877 1426 =

146 1503 148 1512 A
173 1459 219 1505 Sed
226 1467 251 1506 tu
258 1467 349 1506 tantum
357 1460 469 1522 lacrymas
475 1458 593 1522 praebuisti
599 1457 673 1506 dolorl
680 1473 733 1506 meo
738 1459 813 1523 (quod

140 1530 190 1570 erat
200 1522 302 1582 amoris),
315 1531 435 1586 tamquam
444 1522 493 1586 ipse
505 1539 564 1586 ego=
581 1523 643 1586 quod
654 1523 744 1570 meritis
755 1525 812 1572 meis

140 1585 269 1696 {mentum
286 1601 333 1633 esse
349 1587 433 1650 potuit,
448 1594 476 1634 ut
486 1586 534 1634 dies
550 1595 572 1634 et
585 1596 671 1646 noctes,
685 1587 743 1651 quid
755 1587 813 1634 mihi

165 1649 271 1696 siendum
287 1657 353 1708 esset,
370 1651 488 1714 cogitares,
499 1651 524 1698 id
534 1652 575 1698 abs
585 1658 616 1711 te,
627 1665 689 1711 meo,
704 1665 753 1700 non
764 1661 813 1710 tuo,

140 1713 232 1771 scelere,
243 1713 422 1776 praetennissum
435 1724 476 1762 est,
878 1740 879 1752 ι

173 1775 244 1836 Quod
258 1777 335 1824 sinon
345 1778 414 1825 modo
429 1787 464 1838 tu,
476 1778 516 1826 sed
530 1778 653 1844 quisquam
669 1779 761 1840 fuisset,
774 1780 813 1846 qui

141 1857 180 1890 me
191 1841 296 1906 Pompeii
313 1841 391 1890 minus
408 1843 498 1890 liberali
511 1858 618 1906 responso
633 1845 784 1907 perterritum
798 1860 811 1891 s

140 1906 273 1970 turpissimo
292 1905 385 1954 oonsilio
401 1915 514 1955 revoearet
532 1908 606 1971 (quod
622 1921 684 1956 unus
698 1916 725 1956 tu
741 1909 815 1957 faeere

141 1971 244 2019 maxime
253 1969 368 2036 potuisti),
385 1979 426 2019 aut
436 1971 591 2019 occubuissem
601 1970 705 2032 honeste,
717 1981 759 2020 aut
767 1973 813 2021 vie·

142 2041 202 2084 iores
213 2035 282 2083 hodie
293 2035 428 2084 viveremus.

176 2099 224 2148 Hic
236 2099 294 2147 mihi
310 2099 316 2112 '
350 2115 425 2148 osees:
441 2115 480 2147 me
491 2100 553 2148 enim
563 2099 640 2164 ipsum
651 2101 728 2149 multo
738 2101 813 2165 magis
877 2103 879 2160 J

142 2178 240 2219 accuso3
258 2163 310 2211 dein
327 2179 339 2211 e
350 2172 381 2224 te,
392 2163 459 2228 quasi
469 2179 507 2212 me
517 2165 627 2212 alterum:
640 2173 663 2213 et
674 2165 745 2213 simul
756 2181 813 2213 mee
875 2175 878 2195 ³

142 2228 217 2289 culpae
229 2228 316 2274 socium
327 2243 423 2291 quaero:
441 2243 475 2286 ao,
491 2229 511 2276 si
527 2229 640 2288 restituor,
652 2229 723 2277 etiam
733 2229 811 2276 minus
878 2271 879 2276 ,

142 2289 272 2336 videbimur
281 2291 415 2353 deliquisse;
427 2295 468 2339 abs
479 2301 548 2356 teque
556 2302 623 2352 certe,
635 2293 745 2358 quonism
758 2293 811 2341 nul·
878 2321 879 2340 ι

142 2351 166 2399 lo
176 2361 262 2412 nostro,
273 2361 314 2400 tuo
324 2355 396 2416 ipsius
406 2355 525 2417 beneficio,
537 2355 667 2420 diligemur.

141 2423 144 2431 '
175 2415 247 2474 Quod
259 2423 283 2463 te
295 2431 349 2465 cum
366 2418 477 2466 Culleone
487 2421 565 2468 scribis
579 2421 609 2469 de
617 2420 739 2485 privilegio
748 2421 811 2470 loeo·

141 2487 203 2538 tum,
215 2486 249 2526 est
259 2479 361 2555 aliquid3
379 2483 418 2530 sed
428 2485 503 2532 multo
514 2493 548 2532 est
557 2485 641 2533 melius
656 2486 770 2550 abrogari.
788 2485 812 2534 si

142 2543 206 2590 enim
216 2557 284 2591 nemo
299 2545 418 2607 impediet,
429 2547 487 2610 quid
498 2557 532 2596 est
542 2549 649 2597 firmius?
665 2549 707 2598 Sin
719 2549 763 2598 erit
790 2549 812 2598 ui

137 2605 195 2653 ferri
217 2621 264 2654 non
283 2607 351 2667 sinat,
376 2609 438 2658 idem
457 2613 664 2661 senatis-consulto
684 2614 708 2661 iu
786 2622 813 2662 et„
878 2611 880 2660 l

141 2669 193 2718 Neo
203 2670 332 2736 quidquam
342 2672 408 2721 aliud
418 2689 477 2738 opus
488 2683 530 2736 est,
542 2691 614 2739 quam
625 2678 747 2741 abrogari:
759 2691 812 2726 uam
