1784 2944
218 153 269 210 Α’Ῑ)
284 155 456 210 ut'tlcUM.
473 157 533 206 ma
546 159 566 207 1.
586 157 622 208 le
709 159 754 217 tot

84 288 206 340 Hortensii
221 289 331 346 comilioe
348 288 398 354 qui,
413 287 470 335 tium
481 289 566 336 veritus
576 293 618 348 eet,
631 301 661 336 ue
674 288 756 338 Funus

83 357 105 404 ei
114 357 162 419 legi
172 353 329 412 intercederet,
343 367 396 416 qus
411 367 441 400 ex
451 353 658 401 senatusconsulto
668 354 757 402 fereba-

83 429 129 478 tur,
140 433 190 468 non
201 419 260 467 vidit
268 417 337 477 illud,
351 417 422 465 satim
436 431 483 465 esse
497 417 564 464 illum
577 418 602 464 in
613 417 710 466 infamii
720 433 756 466 re.

83 485 158 548 linqui
170 499 197 532 ae
208 483 321 542 widibus,
338 497 408 545 quem
422 481 514 528 infirmo
524 481 611 543 judiu'o
625 483 753 532 committi:

83 549 131 606 sed,
148 547 235 596 duetus
249 547 310 606 odio,
321 545 451 610 properavit
464 561 514 593 rem
528 546 638 594 deducere
653 547 677 594 iu
691 548 755 610 judi.

83 614 161 660 eiume
178 625 235 660 cum
249 610 317 657 illum
327 611 438 674 plumbeo
447 609 525 674 gladio
533 610 668 673 jugulatum
679 612 708 660 iri
717 621 753 660 ta.

79 691 134 724 men
145 676 239 724 diceret

91 759 96 768 ·
113 740 169 799 Sed,
179 739 304 802 judicium,
315 737 434 802 siquaeris,
446 738 515 801 quale
524 737 609 795 fuerite
626 739 753 788 inoredrltili

81 806 145 852 exitu
154 821 162 860 ;
180 804 222 863 sic,
234 803 268 851 uti
279 817 341 850 nune
351 817 380 850 ex
391 811 474 850 eventu
485 804 516 850 ab
526 801 585 862 aliie,
600 819 614 850 e
624 819 662 851 me
675 813 753 853 umen

81 883 111 916 ex
128 869 181 932 ipso
198 867 272 926 initio,
290 866 410 916 eonsilium
429 865 548 914 Hortensii
568 867 754 930 reprehendatur.

81 934 157 992 Nom,
164 941 191 980 ut
202 931 361 992 rejectiofacta
369 938 403 978 est
413 930 550 978 ducentos
560 931 683 989 maximis3
700 949 754 980 cum

80 1005 208 1054 meatur,
223 1005 343 1060 tamquam
358 1010 436 1044 censor
450 996 533 1052 bonus,
544 993 649 1042 homines
662 999 755 1072 nequis-

81 1062 152 1110 simos
173 1061 292 1122 rejicerem
316 1075 376 1119 reus,
398 1067 519 1122 tamquam
541 1058 640 1106 clemens
661 1061 752 1121 lanista,

79 1125 265 1189 frugalissimum
276 1139 392 1188 quemque
406 1131 545 1179 moenum
562 1132 590 1170 ut
602 1123 704 1188 primum
714 1127 754 1186 ju.

79 1190 141 1238 eioea
161 1187 320 1247 consederunt,
343 1187 409 1236 valde
430 1186 533 1234 diffidere
553 1188 609 1234 boni
630 1198 753 1252 coeperuut.

79 1255 135 1302 Non
146 1255 211 1302 enim
222 1267 327 1328 unquam
342 1251 432 1316 turpior
441 1251 466 1299 in
477 1251 534 1298 ludo
544 1251 625 1298 talario
635 1264 754 1301 consessus

78 1319 137 1367 init:
155 1317 270 1366 maculosi
280 1326 401 1376 senatores,
413 1316 471 1363 nudi
487 1315 582 1379 equites,
597 1316 692 1376 tribuni,
704 1331 751 1366 non

78 1393 126 1431 tem
144 1383 219 1442 aersfi,
230 1397 312 1445 quam,
327 1390 354 1428 ut
364 1381 517 1444 appellantur,
533 1380 613 1428 erarii
631 1381 704 1430 Pauci
717 1391 752 1431 ta-
815 1377 822 1387 ’

78 1453 136 1496 men
149 1447 207 1496 boni
221 1446 320 1505 inerant,
337 1461 396 1522 pune
411 1444 532 1506 rejectione
549 1445 630 1508 fugare
645 1446 686 1494 ille
703 1461 749 1496 non

77 1521 200 1576 posteram
218 1511 260 1575 qui
276 1518 352 1558 musti
364 1510 434 1563 (iuter
449 1509 486 1556 sui
502 1508 643 1572 dissimiles),
660 1519 750 1561 etmoe.

77 1586 161 1636 imme,
184 1575 303 1633 sedebant,
325 1583 348 1622 et
367 1573 500 1636 contagione
516 1575 665 1638 turpitudinis
682 1577 751 1626 vehe-

76 1650 166 1690 menter
175 1641 377 1704 permovebatur.
396 1638 453 1697 llio,
465 1645 492 1686 ut
501 1635 600 1702 queque
609 1656 645 1688 ree
655 1640 684 1688 ad
695 1657 751 1690 eon.

78 1705 156 1754 ulium
167 1705 251 1769 primis
261 1703 453 1768 postulationibus
466 1703 613 1759 reimebatur,
628 1705 750 1754 incedut-

76 1769 104 1818 lis
113 1779 164 1818 erat
174 1769 291 1826 severitas,
298 1767 364 1816 nutlt
374 1766 655 1842 munau-sententiarum
665 1786 672 1816 c
690 1769 750 1818 nihil
794 1776 799 1785 ’

76 1833 362 1960 mittitete
370 1831 750 1959 ffittttt'tttdtss

76 1963 194 2012 sevidisse
210 1969 318 2009 tantum:
335 1973 404 2009 nemo
420 1968 476 2018 eret,
492 1958 534 2022 qui
548 1959 615 2006 illum
631 1975 705 2020 reum
722 1977 749 2009 ae

74 2039 120 2074 uon
130 2025 217 2075 millies
227 2025 414 2083 condemnatum,
425 2023 579 2072 arbitraretur.

80 2113 85 2119 ·
107 2091 152 2140 lile
162 2105 217 2139 vero
228 2099 284 2138 tecte
294 2089 414 2153 producto,
425 2088 492 2136 eredo
503 2095 535 2145 te,
546 2101 575 2134 ex
586 2088 748 2137 acclamatione

77 2155 153 2204 etodu
163 2155 335 2214 dictatorum,
346 2153 446 2211 audisse,
458 2167 511 2215 qus
525 2152 675 2200 ooumrrectio
683 2153 747 2214 iudi.

76 2233 127 2268 eum
137 2219 248 2280 iactauit,
259 2228 334 2266 utme
344 2215 541 2276 circumsteterint,
552 2223 579 2264 ut
590 2219 748 2282 apertejugu.

75 2283 150 2332 loma
166 2299 209 2347 pro
226 2299 279 2332 meo
295 2283 369 2348 capite
388 2282 416 2328 P.
427 2280 510 2330 Clodio
521 2281 663 2329 ostentirint.
684 2282 748 2342 Quee

75 2348 131 2396 mihi
147 2363 184 2396 res
198 2348 274 2395 multo
292 2345 475 2396 honorificentior
487 2345 535 2394 cisa
554 2353 595 2404 est,
614 2361 684 2409 quam
704 2357 746 2396 aut

75 2410 121 2471 illa,
132 2427 189 2460 otuu
203 2413 283 2473 jurare
294 2411 328 2459 tui
343 2411 403 2459 cives
415 2409 569 2458 Xenocratem
585 2410 744 2458 testimonium

75 2475 191 2524 dicentem
205 2476 388 2539 prohibuerunte
411 2482 453 2523 aut
471 2483 526 2522 oum
542 2475 633 2522 tabulas
644 2473 745 2520 ‘Metelli

7 2587 9 2598 Ἀ
75 2538 204 2599 Numidici,
220 2555 275 2588 oum
291 2539 330 2586 hte
351 2540 389 2603 (ut
407 2553 458 2586 mos
475 2537 519 2598 eet)
536 2536 744 2590 circumferrentur,

74 2603 144 2652 notui
158 2603 248 2664 judiees
260 2603 376 2666 adspicere
389 2603 529 2650 nolueruntc
546 2601 622 2646 multo
636 2598 694 2651 hae,
708 2597 746 2639 in·

74 2668 153 2729 quam,
170 2675 250 2716 nosue
266 2682 302 2716 res
317 2668 400 2728 major.
424 2664 507 2727 ltaque
518 2657 742 2724 judicumcooibusc

104 2729 208 2794 (Epist.)
221 2743 285 2779 von.
297 2742 327 2777 rr.
564 2737 580 2769 1·
