1788 2942
128 163 178 218 aaa
250 167 302 219 nn
317 151 490 220 arridani.
508 169 569 219 urs.
586 168 646 218 vn.
661 153 692 218 a'

128 313 202 359 mam,
225 297 363 348 Ciceronum
385 299 456 364 signis
477 300 634 364 obdgnatum,
657 299 815 364 cohortisque·

127 363 253 426 pretoriae:
270 363 324 411 fecit
338 365 416 428 palrrm
427 377 450 412 te
461 380 490 412 ex
501 365 588 423 hbent,
599 381 639 412 me
650 377 681 412 ex
691 366 803 414 terunciu.

162 427 192 474 In
203 427 273 476 Actio
284 428 390 493 Corcyrae
404 429 491 477 Alexio
506 445 545 477 me
557 429 652 493 opipare
666 439 804 478 muneratus

123 499 169 539 est.
193 492 283 550 Quinto
294 493 399 542 Ciceroni
414 494 492 542 obsisti
511 508 558 542 non
575 494 659 558 potuit,
678 494 805 558 quominus

129 555 258 620 Thyamim
268 557 362 606 videret.
390 558 475 606 Filiole
486 559 527 606 tud
538 567 561 607 te
575 557 683 606 delectari
693 559 769 617 letor,
781 567 804 606 et

128 622 221 735 prohlppcri
232 621 555 737 tibi‘ptvrrrpqpnessegeppvhrrpof
564 641 595 697 ‘ra
605 623 802 734 crupphEtenim,

129 702 149 734 ar
219 702 297 736 nones
326 703 342 734 n
416 703 429 734 o
501 702 632 734 ounmesse
699 703 843 736 cmmem-

129 754 217 800 nimrae
225 721 359 814 adjunciim
372 704 419 815 qulh
425 751 526 809 sublati,
534 746 587 799 vitre
598 752 694 800 societas
704 753 802 800 tollitur.

129 815 217 878 “iBene
226 817 339 877 eveniat,''
347 817 423 881 inquit
428 816 565 876 Carneades,
573 831 667 880 spurcat
678 817 719 864 sed
726 826 803 864 temen

128 881 272 945 prudentius,
282 898 354 948 quam
363 881 451 930 laucius
459 889 536 928 noster
544 890 567 928 et
578 881 680 938 Patron3
693 882 745 945 qui,
753 897 804 930 cum
883 899 884 928 1

127 946 207 994 omnia
221 948 250 995 ed
264 963 288 995 se
305 946 412 1006 referant,
423 961 466 994 nec
480 945 609 1010 quidquam
623 945 720 994 alterius
737 945 803 996 caust

129 1009 179 1059 lieri
189 1019 279 1076 putent,
288 1019 373 1059 mcum
384 1012 411 1060 ed
421 1027 446 1058 re
454 1013 542 1059 bonum
553 1011 630 1058 virum
639 1023 748 1074 oportere
759 1027 804 1060 esce

128 1075 215 1136 dicant,
227 1091 258 1124 no
267 1076 357 1123 malum
367 1076 460 1134 habeat,
472 1090 519 1122 non
547 1090 577 1122 uo
587 1073 613 1121 id
620 1075 706 1123 naturis
714 1087 803 1125 rectum

129 1141 175 1198 εἰη
192 1155 240 1189 non
250 1141 391 1204 intelligunt,
401 1156 425 1188 se
435 1139 465 1188 de
475 1091 558 1188 callido
567 1139 663 1186 homine
673 1141 751 1204 loqui,
759 1157 803 1190 non

128 1205 158 1254 de
168 1207 229 1254 bono
238 1205 294 1254 viro.
312 1205 357 1254 Sed
363 1205 421 1264 hec,
428 1204 518 1270 opinor,
527 1211 582 1252 sunt
592 1204 617 1251 in
625 1203 654 1252 iis
662 1204 738 1264 libris,
748 1222 804 1272 quos

128 1277 156 1318 tu
166 1270 291 1329 laudando,
303 1271 393 1319 animos
404 1269 463 1317 mihi
474 1269 589 1318 addidisti.

137 1353 140 1361 ·
162 1335 242 1384 Redeo
252 1335 347 1384 adrem.
365 1334 495 1386 Commodo
501 1335 662 1398 exspectabam
671 1335 801 1411 epistolam,

127 1411 200 1510 quam
212 1399 340 1448 Philoxeno
351 1401 463 1449 dedisses:
476 1400 596 1464 scripseras
603 1401 675 1456 enim,
684 1416 709 1448 m
722 1401 750 1448 ed
757 1417 803 1450 esse

145 1481 158 1512 e
169 1479 272 1512 sermone
283 1465 389 1528 Pompeii
400 1465 561 1528 Neapolitano.
578 1463 640 1512 Eam
647 1465 708 1512 mihi
717 1465 804 1514 Patron
842 1492 849 1510 1

128 1528 249 1576 Brundisii
266 1529 378 1578 reddiditr
398 1528 513 1594 Corcyrae,
527 1539 555 1577 ut
569 1529 658 1592 opinor,
678 1539 803 1594 acceperat.

128 1593 197 1640 Nihil
211 1593 287 1656 potuit
298 1609 345 1641 esse
353 1595 495 1656 jucundius:
514 1602 562 1642 erat
576 1593 639 1640 enim
650 1593 680 1641 de
690 1611 716 1642 re
727 1596 804 1659 publi·

129 1657 165 1717 cd,
183 1657 214 1704 de
235 1656 350 1719 opinione,
369 1674 441 1722 quam
457 1658 477 1706 ia
494 1659 529 1708 vir
545 1659 647 1720 haberet,
664 1658 804 1722 integritatis

129 1736 202 1780 meae3
221 1719 249 1768 de
265 1722 433 1782 benevolentid,
447 1739 519 1788 quam
536 1722 635 1772 ostendit
649 1739 677 1770 eo
688 1739 803 1786 sermone,

129 1801 200 1850 quem
208 1785 291 1834 habuit
298 1784 327 1834 de
335 1787 460 1852 triumpho.
478 1787 524 1836 Sed
535 1796 612 1836 nmen
623 1788 668 1836 hoc
681 1789 804 1849 jucundis·

129 1851 224 1912 simum,
240 1850 303 1914 quod
316 1849 436 1910 intellexi,
447 1859 471 1900 te
485 1853 516 1900 ad
533 1867 586 1900 eum
600 1852 697 1912 venisse,
715 1862 745 1901 ut
755 1856 804 1916 ejus

130 1917 236 1964 animum
253 1932 307 1979 erga
318 1931 356 1964 me
366 1917 511 1980 perspiceres.
536 1915 590 1964 Hoc
606 1917 674 1975 mihi,
695 1919 803 1984 inquam,

128 1981 210 2029 accidit
218 1981 420 2043 jucundissimum.
436 1981 474 2030 De
481 1981 598 2044 triumpho
606 1990 686 2029 autem
693 1985 761 2032 nulla
767 1999 804 2031 me

127 2046 241 2109 cupiditas
255 2061 360 2110 unquam
377 2045 451 2094 tenuit
461 2054 515 2094 ante
528 2045 612 2094 Bibuli
627 2046 804 2110 impudentissi-

128 2124 180 2158 mae
189 2111 274 2172 literas,
287 2127 345 2174 quas
354 2109 520 2176 [amplissima]
533 2111 670 2175 supplicatio
681 2123 805 2161 consecuta

128 2183 170 2222 est.
187 2175 212 2221 A
241 2191 270 2223 uo
283 2177 303 2224 si
318 2191 345 2224 ea
355 2184 419 2239 gesta
434 2185 515 2235 essent,
527 2192 580 2240 quae
591 2176 698 2240 scripsit3
716 2177 804 2241 gaude-

128 2239 187 2296 rem,
199 2191 309 2287 ethonori
319 2239 433 2288 faverem
445 2255 508 2288 nunc
517 2241 594 2300 illum,
606 2242 648 2306 qui
657 2242 745 2305 pedem
750 2258 805 2306 por·

128 2301 162 2357 tt,
175 2303 251 2363 quoad
261 2303 332 2351 hostia
350 2305 382 2352 cis
396 2303 534 2368 Euphraten
550 2305 605 2365 fuit,
623 2320 670 2354 non
685 2307 804 2368 extulerit,

127 2363 214 2410 honore
231 2367 325 2428 augeri3
343 2383 390 2427 me,
405 2369 430 2416 in
448 2371 515 2432 cnjus
533 2371 634 2418 exercitu
653 2385 722 2434 spem
741 2371 806 2420 illiue

127 2428 241 2475 exercitus
251 2429 342 2490 habuit,
353 2431 416 2479 idem
430 2448 477 2480 non
488 2435 586 2496 assequi,
599 2434 698 2484 dedecus
709 2445 746 2484 est
754 2451 807 2484 nos·

127 2497 201 2550 trum,
213 2501 326 2554 nostrum,
337 2495 444 2559 inquam,
456 2506 478 2544 te
490 2495 640 2564 conjungens.
657 2499 745 2566 Itaque
755 2517 805 2550 orn·

9 2545 11 2550 ’
85 2613 86 2616 ¹
126 2555 298 2618 niaexperiar3
317 2568 340 2606 et
358 2563 396 2622 (ut
412 2571 490 2624 spero)
509 2579 625 2626 assequar.
650 2565 725 2624 Quod
744 2567 806 2615 situ

126 2618 223 2692 valeres,
231 2621 282 2679 jam
289 2623 348 2670 mihi
357 2624 464 2687 quaedum
476 2627 595 2692 explorata
605 2637 698 2680 essent:
716 2631 806 2694 sed,·ut

124 2693 200 2742 spero,
210 2683 302 2734 valebis.
