1764 2942
214 186 265 234 AD
280 183 452 237 iudicum.
470 185 578 236 uir-11.
597 186 620 242 7·
683 249 684 252 Ἴ
712 145 758 244 1¹87

119 313 188 373 Quin
202 313 272 362 etiam
286 314 399 373 dubitem,
411 330 441 362 au
456 314 496 362 hic
510 314 621 362 mAntii
630 315 758 376 renuidem,

85 387 112 426 et
128 379 174 426 hoo
187 386 280 440 tempm
295 393 364 426 omne
378 393 526 436 eoummemt
548 379 591 427 ubi
604 379 699 442 quidem

89 443 185 490 mallem
199 441 357 502 duumvirum,
372 459 443 506 quam
458 443 550 503 Rome,
563 457 602 491 me
618 443 696 492 fuisse

89 522 144 554 vero
155 506 277 569 sapientior
287 506 396 554 Buthroti
410 507 506 555 domum
519 507 613 582 parieti
635 508 689 564 Sed,
700 507 761 556 mibi

88 570 166 628 erede,
187 570 295 633 proxima
313 579 347 618 eet
363 569 397 618 ilii
407 571 541 638 ¹municipio
561 565 610 619 iuee
626 572 761 620 Antiatium

89 634 179 682 civitae.
201 634 259 682 Esse
276 635 354 682 locum
366 643 414 683 tam
427 651 498 698 prope
510 635 621 693 Romam,
634 635 675 684 ubi
690 637 760 684 multi
779 683 783 690 x
834 659 837 664 ·

90 699 147 758 siut,
160 698 202 760 qui
208 698 331 748 Vatinium
341 713 462 763 nunquam
470 698 584 747 viderint?
600 699 642 747 ubi
651 715 720 748 nemo
730 701 761 748 eit

89 771 175 825 prater
185 777 231 820 me,
249 762 291 825 qui
303 778 445 827 quemquam
458 779 488 810 ex
498 762 633 826 vigintiviria
647 765 726 812 vivum
737 772 761 812 et

91 827 183 874 eaimm
195 827 269 874 velit?
286 827 327 874 ubi
337 841 375 875 me
385 827 513 890 interpellet
520 841 597 887 nemo,
606 827 760 890 diligentem-

91 892 153 938 nes?
171 890 221 937 Hic
234 889 346 938 nimirum
360 899 511 946 πολιτιυτιινι
528 905 584 938 nam
599 891 650 940 iside
665 907 712 940 non
722 907 760 940 ao-

91 955 144 1002 lum
163 968 210 1001 non
227 953 289 1014 lieet,
304 955 344 1002 sed
362 954 431 1002 eiiam
444 953 527 1010 taedett
549 955 628 1018 itaque
647 956 761 1012 aventem,

91 1035 147 1082 quie
165 1018 208 1066 tibi
226 1019 268 1066 uni
283 1019 396 1082 legamus,
416 1017 592 1082 'l'heopompino
609 1034 700 1081 genere,
720 1027 761 1066 aut

92 1083 164 1130 etiam
174 1083 286 1145 asperiore
296 1084 379 1143 mulio,
390 1091 527 1145 pangentur.
543 1083 627 1146 Neque
639 1082 762 1144 aliud‘jam

92 1146 224 1210 quidquam
241 1155 391 1207 ruberrumi,
402 1145 447 1194 nisi
463 1147 537 1194 odisee
554 1147 679 1208 improbos,
697 1155 721 1194 ei
736 1146 761 1194 id

92 1211 172 1322 ipsqui
182 1211 255 1323 diuidi
266 1211 459 1324 ιιιᾷιιίέιοιιιιιιιο,
470 1210 510 1258 eed
522 1209 599 1273 potius
615 1225 669 1258 eum
683 1209 762 1273 dique

92 1291 137 1324 son
254 1291 271 1322 u

126 1339 174 1388 Sed
188 1348 216 1387 ut
233 1291 334 1398 adiem,
346 1339 424 1402 scripsi
438 1339 468 1386 ad
482 1348 604 1402 questoree
618 1339 717 1386 urbanos
732 1338 762 1386 de

94 1404 179 1464 Quinti
196 1403 273 1452 fratria
289 1405 387 1466 negotio.
410 1402 480 1463 Vide,
497 1403 554 1467 quid
572 1411 673 1462 narrent,
690 1417 763 1465 eoque

93 1484 146 1532 epea
157 1469 187 1516 sit
196 1467 291 1527 denarii,
303 1482 333 1515 an
348 1468 475 1531 cistophoro
486 1467 628 1531 Pompeiano
635 1468 761 1527 jaceamus·

94 1533 217 1591 Praeteree,
239 1532 268 1580 de
288 1547 364 1592 muro,
386 1540 469 1590 statue,
493 1531 551 1595 quid
571 1531 702 1580 faciendum
723 1531 761 1578 eit.

94 1597 170 1645 Aliud
180 1597 257 1661 quid?
273 1596 350 1644 etiam.
373 1595 474 1655 Quando
484 1604 508 1644 te
522 1596 632 1660 proiioieei
641 1595 708 1644 istinc
717 1610 763 1659 pu·

95 1671 137 1724 tea,
145 1662 182 1710 iae
193 1671 221 1710 ut
231 1660 309 1710 seiam.
746 1669 749 1676 ¹

237 1887 288 1947 (Ίι)
306 1884 434 1936 CICERO
450 1883 583 1933 ATTICO
600 1885 624 1933 S.

128 2041 167 2089 De
178 2039 318 2104 geographie
334 2038 404 2088 etiam
418 2045 488 2102 atque
499 2036 569 2085 etiem
579 2034 763 2083 deliberabundi.

95 2105 220 2154 Orationes
236 2113 314 2152 autem
326 2119 365 2151 me
381 2103 439 2150 duaa
455 2102 573 2166 poettdas3
594 2113 693 2163 quarum
707 2098 765 2146 alte·

96 2185 147 2218 ram
155 2184 202 2218 non
213 2168 299 2216 libebat
309 2167 369 2216 mihi
379 2167 483 2225 seribere,
495 2167 550 2230 quie
559 2162 714 2219 abscideram
732 2161 767 2209 el·

96 2242 221 2292 terem‚,ne
231 2233 351 2280 laudarem
361 2247 424 2291 eum,
441 2247 511 2296 qun
525 2244 571 2277 nou
585 2229 700 2276 amabam.
720 2225 767 2276 sed

94 2298 121 2344 id
130 2313 226 2362 quoque
237 2296 378 2346 videbimus:
396 2295 496 2358 denique
506 2293 593 2358 aliquid
605 2291 719 2350 exstabit3
737 2305 766 2338 ne

96 2362 139 2411 tibi
149 2363 220 2424 plane
230 2361 326 2409 wiese
337 2360 463 2408 videamur.

129 2426 169 2473 De
180 2425 266 2474 Publio
277 2439 330 2488 que
340 2423 370 2470 ad
380 2438 419 2470 me
431 2422 518 2481 scribit,
530 2435 584 2468 eane
597 2419 656 2467 mihi
665 2417 769 2480 jucunda

97 2499 168 2538 eunt:
187 2504 260 2551 eaque
277 2488 356 2547 etiam,
371 2487 450 2545 veiim,
467 2484 574 2533 omnibus
588 2481 688 2544 vestigiis
703 2480 770 2528 inda·

97 2563 161 2616 geta,
172 2553 204 2600 ad
213 2567 252 2599 me
262 2551 352 2609 afferes,
366 2566 421 2598 eum
431 2549 522 2604 venient
539 2555 562 2596 et
575 2547 662 2593 interea
676 2543 769 2602 scribas,
873 2575 874 2610 1

98 2617 186 2680 siquid
196 2615 319 2678 intelliges,
329 2623 370 2662 eut
381 2613 538 2676 auspioabere:
555 2618 578 2657 et
585 2607 687 2656 maxime
698 2606 727 2652 de
737 2605 770 2652 le·
873 2629 874 2650 t

99 2681 191 2744 gatione
207 2679 264 2743 quid
275 2679 306 2726 ait
318 2687 417 2726 aeturus.
434 2675 561 2739 Equidem,
573 2680 627 2720 aute
638 2685 709 2733 quam
720 2676 772 2715 tue·
873 2671 874 2695 ι

99 2745 144 2808 legi
165 2745 252 2804 literar,
271 2742 390 2790 hominem
408 2741 441 2788 ire
459 2738 595 2802 cupiebam
612 2749 658 2782 non
673 2731 736 2788 (meh
